@techreport{iec:1996,
 year=1996,
 author={{IUCr IUPAC Interdivisional Committee on Nomenclature and Symbols (IDCNS)}},
 title="Report",
 url="http://www.chester.iucr.org/iucr-top/cexec/rep96/idcns.htm",
 note="Retrieved October 28, 2012"
}

@misc{iec:80000-13:2008,
 title={{IEC 80000-13:2008, Quantities and units—Part 13: Information science and technology}},
 author={{International Standards Organization}},
 year=2008
}

@INPROCEEDINGS{Snyder90tmpfs:a,
    author = {Peter Snyder},
    title = {tmpfs: A virtual memory file system},
    booktitle = {In Proceedings of the Autumn 1990 European UNIX Users’ Group Conference},
    year = {1990},
    pages = {241--248}
}

@MISC{Sandberg85designand,
    author = {Russel Sandberg and David Goldberg and Steve Kleiman and Dan Walsh and Bob Lyon},
    title = {Design and Implementation or the Sun Network Filesystem},
    year = {1985}
}

@INPROCEEDINGS{Pawlowski00thenfs,
    author = {Brian Pawlowski and David Noveck and David Robinson and Robert Thurlow},
    title = {The NFS version 4 protocol},
    booktitle = {In Proceedings of the 2nd International System Administration and Networking Conference (SANE 2000},
    year = {2000}
}

@Misc{ms-cifs,
 title="Common Internet File System (CIFS) Protocol",
 author={{Microsoft Corporation}},
 year=2013,
 month=Jan # " 18",
 url="http://msdn.microsoft.com/en-us/library/ee442092.aspx"
}