% http://md.hudora.de/notes/cert/

@TechReport{cert03:_gnu_project_ftp_server_compromise,
    author =       {{CERT Coordination Center}},
    title =        {{CERT} Advisory CA-2003-21 GNU Project FTP Server Compromise},
    shorttitle =   {Advisory CA-2003-21},
    institution =  {CERT Coordination Center},
    address =      {Pittsburgh, PA},
    month =        "13. " # aug,
    year =         {2003},
    urldate =      {9.7.2003},
    URL =          {http://www.cert.org/advisories/CA-2003-21.html},
    }
    
@TechReport{cert03:_w32/blaster_worm,
    author =       {{CERT Coordination Center}},
    title =        {{CERT} Advisory CA-2003-20 W32/Blaster worm},
    shorttitle =   {Advisory CA-2003-20},
    institution =  {CERT Coordination Center},
    address =      {Pittsburgh, PA},
    month =        "11. " # aug,
    year =         {2003},
    urldate =      {9.7.2003},
    URL =          {http://www.cert.org/advisories/CA-2003-20.html},
    }
    
@TechReport{cert03:_cisco_ios_interface_blocked_by_ipv4_packet,
    author =       {{CERT Coordination Center}},
    title =        {{CERT} Advisory CA-2003-15 Cisco IOS Interface Blocked by IPv4 Packet},
    shorttitle =   {Advisory CA-2003-15},
    institution =  {CERT Coordination Center},
    address =      {Pittsburgh, PA},
    month =        "16. " # jul,
    year =         {2003},
    urldate =      {9.7.2003},
    URL =          {http://www.cert.org/advisories/CA-2003-15.html},
    }
    
@TechReport{cert03:_increased_activity_targeting_windows_shares,
    author =       {{CERT Coordination Center}},
    title =        {{CERT} Advisory CA-2003-08 Increased Activity Targeting Windows Shares},
    shorttitle =   {Advisory CA-2003-08},
    institution =  {CERT Coordination Center},
    address =      {Pittsburgh, PA},
    month =        "11. " # mar,
    year =         {2003},
    urldate =      {9.7.2003},
    URL =          {http://www.cert.org/advisories/CA-2003-08.html},
    }
    
@TechReport{cert03:_ms-sql_server_worm,
    author =       {{CERT Coordination Center}},
    title =        {{CERT} Advisory CA-2003-04 MS-SQL Server Worm},
    shorttitle =   {Advisory CA-2003-04},
    institution =  {CERT Coordination Center},
    address =      {Pittsburgh, PA},
    month =        "25. " # jan,
    year =         {2003},
    urldate =      {9.7.2003},
    URL =          {http://www.cert.org/advisories/CA-2003-04.html},
    }
    
@TechReport{cert03:_w32/sobig.f_worm,
    author =       {{CERT Coordination Center}},
    title =        {{CERT} Incident Note IN-2003-03 W32/Sobig.F Worm},
    shorttitle =   {Advisory IN-2003-03},
    institution =  {CERT Coordination Center},
    address =      {Pittsburgh, PA},
    month =        "22. " # aug,
    year =         {2003},
    urldate =      {9.7.2003},
    URL =          {http://www.cert.org/incident_notes/IN-2003-03.html},
    }
    
@TechReport{cert03:_w32/mimail_virus,
    author =       {{CERT Coordination Center}},
    title =        {{CERT} Incident Note IN-2003-02 W32/Mimail Virus},
    shorttitle =   {Advisory IN-2003-02},
    institution =  {CERT Coordination Center},
    address =      {Pittsburgh, PA},
    month =        "2. " # aug,
    year =         {2003},
    urldate =      {9.7.2003},
    URL =          {http://www.cert.org/incident_notes/IN-2003-02.html},
    }
    
@TechReport{cert02:_backdoor_in_alcatel_omniswitch_aos,
    author =       {{CERT Coordination Center}},
    title =        {{CERT} Advisory CA-2002-32 Backdoor in Alcatel OmniSwitch AOS},
    shorttitle =   {Advisory CA-2002-32},
    institution =  {CERT Coordination Center},
    address =      {Pittsburgh, PA},
    month =        "21. " # nov,
    year =         {2002},
    urldate =      {9.7.2003},
    URL =          {http://www.cert.org/advisories/CA-2002-32.html},
    }
    
@TechReport{cert02:_trojan_horse_tcpdump_and_libpcap_distributions,
    author =       {{CERT Coordination Center}},
    title =        {{CERT} Advisory CA-2002-30 Trojan Horse tcpdump and libpcap Distributions},
    shorttitle =   {Advisory CA-2002-30},
    institution =  {CERT Coordination Center},
    address =      {Pittsburgh, PA},
    month =        "13. " # nov,
    year =         {2002},
    urldate =      {9.7.2003},
    URL =          {http://www.cert.org/advisories/CA-2002-30.html},
    }
    
@TechReport{cert02:_trojan_horse_sendmail_distribution,
    author =       {{CERT Coordination Center}},
    title =        {{CERT} Advisory CA-2002-28 Trojan Horse Sendmail Distribution},
    shorttitle =   {Advisory CA-2002-28},
    institution =  {CERT Coordination Center},
    address =      {Pittsburgh, PA},
    month =        "08. " # oct,
    year =         {2002},
    urldate =      {9.7.2003},
    URL =          {http://www.cert.org/advisories/CA-2002-28.html},
    }
    
@TechReport{cert02:_apache/mod_ssl_worm,
    author =       {{CERT Coordination Center}},
    title =        {{CERT} Advisory CA-2002-27 Apache/mod_ssl Worm},
    shorttitle =   {Advisory CA-2002-27},
    institution =  {CERT Coordination Center},
    address =      {Pittsburgh, PA},
    month =        "14. " # sep,
    year =         {2002},
    urldate =      {9.7.2003},
    URL =          {http://www.cert.org/advisories/CA-2002-27.html},
    }
    
@TechReport{cert02:_trojan_horse_openssh_distribution,
    author =       {{CERT Coordination Center}},
    title =        {{CERT} Advisory CA-2002-24 Trojan Horse OpenSSH Distribution},
    shorttitle =   {Advisory CA-2002-24},
    institution =  {CERT Coordination Center},
    address =      {Pittsburgh, PA},
    month =        "1. " # aug,
    year =         {2002},
    urldate =      {9.7.2003},
    URL =          {http://www.cert.org/advisories/CA-2002-24.html},
    }
    
@TechReport{cert02:_w32/lioten_malicious_code,
    author =       {{CERT Coordination Center}},
    title =        {{CERT} Incident Note IN-2002-06 W32/Lioten Malicious Code},
    shorttitle =   {Advisory IN-2002-06},
    institution =  {CERT Coordination Center},
    address =      {Pittsburgh, PA},
    month =        "17. " # dec,
    year =         {2002},
    urldate =      {9.7.2003},
    URL =          {http://www.cert.org/incident_notes/IN-2002-06.html},
    }
    
@TechReport{cert02:_w32/frethem_malicious_code,
    author =       {{CERT Coordination Center}},
    title =        {{CERT} Incident Note IN-2002-05 W32/Frethem Malicious Code},
    shorttitle =   {Advisory IN-2002-05},
    institution =  {CERT Coordination Center},
    address =      {Pittsburgh, PA},
    month =        "17. " # jul,
    year =         {2002},
    urldate =      {9.7.2003},
    URL =          {http://www.cert.org/incident_notes/IN-2002-05.html},
    }
    
@TechReport{cert02:_social_engineering_attacks_via_irc_and_instant_messaging,
    author =       {{CERT Coordination Center}},
    title =        {{CERT} Incident Note IN-2002-03 Social Engineering Attacks via IRC and Instant Messaging},
    shorttitle =   {Advisory IN-2002-03},
    institution =  {CERT Coordination Center},
    address =      {Pittsburgh, PA},
    month =        "19. " # mar,
    year =         {2002},
    urldate =      {9.7.2003},
    URL =          {http://www.cert.org/incident_notes/IN-2002-03.html},
    }
    
@TechReport{cert02:_w32/gibe_malicious_code,
    author =       {{CERT Coordination Center}},
    title =        {{CERT} Incident Note IN-2002-02 W32/Gibe Malicious Code},
    shorttitle =   {Advisory IN-2002-02},
    institution =  {CERT Coordination Center},
    address =      {Pittsburgh, PA},
    month =        "12. " # mar,
    year =         {2002},
    urldate =      {9.7.2003},
    URL =          {http://www.cert.org/incident_notes/IN-2002-02.html},
    }
    
@TechReport{cert02:_w32/myparty_malicious_code,
    author =       {{CERT Coordination Center}},
    title =        {{CERT} Incident Note IN-2002-01 W32/Myparty Malicious Code},
    shorttitle =   {Advisory IN-2002-01},
    institution =  {CERT Coordination Center},
    address =      {Pittsburgh, PA},
    month =        "28. " # jan,
    year =         {2002},
    urldate =      {9.7.2003},
    URL =          {http://www.cert.org/incident_notes/IN-2002-01.html},
    }
    
@TechReport{cert02:_exploitation_of_vulnerability_in_cde_subprocess_control_service,
    author =       {{CERT Coordination Center}},
    title =        {{CERT} Advisory CA-2002-01 Exploitation of Vulnerability in CDE Subprocess Control Service},
    shorttitle =   {Advisory CA-2002-01},
    institution =  {CERT Coordination Center},
    address =      {Pittsburgh, PA},
    month =        "14. " # jan,
    year =         {2002},
    urldate =      {9.7.2003},
    URL =          {http://www.cert.org/advisories/CA-2002-01.html},
    }
    
@TechReport{cert01:_recent_activity_against_secure_shell_daemons,
    author =       {{CERT Coordination Center}},
    title =        {{CERT} Advisory CA-2001-35 Recent Activity Against Secure Shell Daemons},
    shorttitle =   {Advisory CA-2001-35},
    institution =  {CERT Coordination Center},
    address =      {Pittsburgh, PA},
    month =        "13. " # dec,
    year =         {2001},
    urldate =      {9.7.2003},
    URL =          {http://www.cert.org/advisories/CA-2001-35.html},
    }
    
@TechReport{cert01:_nimda_worm,
    author =       {{CERT Coordination Center}},
    title =        {{CERT} Advisory CA-2001-26 {Nimda} {Worm}},
    shorttitle =   {Advisory CA-2001-26},
    institution =  {CERT Coordination Center},
    address =      {Pittsburgh, PA},
    month =        "18. " # sep,
    year =         {2001},
    urldate =      {9.7.2003},
    URL =          {http://www.cert.org/advisories/CA-2001-26.html},
    }
    
@TechReport{cert01:_continued_threat_of_the_"code_red"_worm,
    author =       {{CERT Coordination Center}},
    title =        {{CERT} Advisory CA-2001-23 Continued Threat of the "Code Red" Worm},
    shorttitle =   {Advisory CA-2001-23},
    institution =  {CERT Coordination Center},
    address =      {Pittsburgh, PA},
    month =        "26. " # jul,
    year =         {2001},
    urldate =      {9.7.2003},
    URL =          {http://www.cert.org/advisories/CA-2001-23.html},
    }
    
@TechReport{cert01:_w32/sircam_malicious_code,
    author =       {{CERT Coordination Center}},
    title =        {{CERT} Advisory CA-2001-22 W32/Sircam Malicious Code},
    shorttitle =   {Advisory CA-2001-22},
    institution =  {CERT Coordination Center},
    address =      {Pittsburgh, PA},
    month =        "25. " # jul,
    year =         {2001},
    urldate =      {9.7.2003},
    URL =          {http://www.cert.org/advisories/CA-2001-22.html},
    }
    
@TechReport{cert01:_continuing_threats_to_home_users,
    author =       {{CERT Coordination Center}},
    title =        {{CERT} Advisory CA-2001-20 Continuing Threats to Home Users},
    shorttitle =   {Advisory CA-2001-20},
    institution =  {CERT Coordination Center},
    address =      {Pittsburgh, PA},
    month =        "20. " # jul,
    year =         {2001},
    urldate =      {9.7.2003},
    URL =          {http://www.cert.org/advisories/CA-2001-20.html},
    }
    
@TechReport{cert01:_"code_red"_worm_exploiting_buffer_overflow_in_iis_indexing_service_dll,
    author =       {{CERT Coordination Center}},
    title =        {{CERT} Advisory CA-2001-19 "Code Red" Worm Exploiting Buffer Overflow In IIS Indexing Service DLL},
    shorttitle =   {Advisory CA-2001-19},
    institution =  {CERT Coordination Center},
    address =      {Pittsburgh, PA},
    month =        "19. " # jul,
    year =         {2001},
    urldate =      {9.7.2003},
    URL =          {http://www.cert.org/advisories/CA-2001-19.html},
    }
    
@TechReport{cert01:_w32/goner_worm
,
    author =       {{CERT Coordination Center}},
    title =        {{CERT} Incident Note IN-2001-15 W32/Goner Worm
},
    shorttitle =   {Advisory IN-2001-15},
    institution =  {CERT Coordination Center},
    address =      {Pittsburgh, PA},
    month =        "4. " # dec,
    year =         {2001},
    urldate =      {9.7.2003},
    URL =          {http://www.cert.org/incident_notes/IN-2001-15.html},
    }
    
@TechReport{cert01:_w32/badtrans_worm
,
    author =       {{CERT Coordination Center}},
    title =        {{CERT} Incident Note IN-2001-14 W32/BadTrans Worm
},
    shorttitle =   {Advisory IN-2001-14},
    institution =  {CERT Coordination Center},
    address =      {Pittsburgh, PA},
    month =        "27. " # nov,
    year =         {2001},
    urldate =      {9.7.2003},
    URL =          {http://www.cert.org/incident_notes/IN-2001-14.html},
    }
    
@TechReport{cert01:_"kaiten"_malicious_code_installed_by_exploiting_null_defaultpasswords_in_microsoft_sql_server
,
    author =       {{CERT Coordination Center}},
    title =        {{CERT} Incident Note IN-2001-13 "Kaiten" Malicious Code Installed by Exploiting Null Default
Passwords in Microsoft SQL Server
},
    shorttitle =   {Advisory IN-2001-13},
    institution =  {CERT Coordination Center},
    address =      {Pittsburgh, PA},
    month =        "27. " # nov,
    year =         {2001},
    urldate =      {9.7.2003},
    URL =          {http://www.cert.org/incident_notes/IN-2001-13.html},
    }
    
@TechReport{cert01:_cache_corruption_on_microsoft_dns_servers,
    author =       {{CERT Coordination Center}},
    title =        {{CERT} Incident Note IN-2001-11 Cache Corruption on Microsoft DNS Servers},
    shorttitle =   {Advisory IN-2001-11},
    institution =  {CERT Coordination Center},
    address =      {Pittsburgh, PA},
    month =        "31. " # aug,
    year =         {2001},
    urldate =      {9.7.2003},
    URL =          {http://www.cert.org/incident_notes/IN-2001-11.html},
    }
    
@TechReport{cert01:_sadmind/iis_worm,
    author =       {{CERT Coordination Center}},
    title =        {{CERT} Advisory CA-2001-11 sadmind/IIS Worm},
    shorttitle =   {Advisory CA-2001-11},
    institution =  {CERT Coordination Center},
    address =      {Pittsburgh, PA},
    month =        "08. " # may,
    year =         {2001},
    urldate =      {9.7.2003},
    URL =          {http://www.cert.org/advisories/CA-2001-11.html},
    }
    
@TechReport{cert01:_"code_red"_worm_crashes_iis_4.0_servers_with_url_redirection_enabled,
    author =       {{CERT Coordination Center}},
    title =        {{CERT} Incident Note IN-2001-10 "Code Red" Worm Crashes IIS 4.0 Servers with URL Redirection Enabled},
    shorttitle =   {Advisory IN-2001-10},
    institution =  {CERT Coordination Center},
    address =      {Pittsburgh, PA},
    month =        "16. " # aug,
    year =         {2001},
    urldate =      {9.7.2003},
    URL =          {http://www.cert.org/incident_notes/IN-2001-10.html},
    }
    
@TechReport{cert01:_"code_red_ii:"_another_worm_exploiting_buffer_overflow_in_iis_indexing_service_dll_,
    author =       {{CERT Coordination Center}},
    title =        {{CERT} Incident Note IN-2001-09 "Code Red II:" Another Worm Exploiting Buffer Overflow In IIS Indexing Service DLL },
    shorttitle =   {Advisory IN-2001-09},
    institution =  {CERT Coordination Center},
    address =      {Pittsburgh, PA},
    month =        "6. " # aug,
    year =         {2001},
    urldate =      {9.7.2003},
    URL =          {http://www.cert.org/incident_notes/IN-2001-09.html},
    }
    
@TechReport{cert01:_"code_red"_worm_exploiting_buffer_overflow_in_iis_indexing_service_dll,
    author =       {{CERT Coordination Center}},
    title =        {{CERT} Incident Note IN-2001-08 "Code Red" Worm Exploiting Buffer Overflow In IIS Indexing Service DLL},
    shorttitle =   {Advisory IN-2001-08},
    institution =  {CERT Coordination Center},
    address =      {Pittsburgh, PA},
    month =        "19. " # jul,
    year =         {2001},
    urldate =      {9.7.2003},
    URL =          {http://www.cert.org/incident_notes/IN-2001-08.html},
    }
    
@TechReport{cert01:_w32/leaves:_exploitation_of_previously_installed_subseven_trojan_horses,
    author =       {{CERT Coordination Center}},
    title =        {{CERT} Incident Note IN-2001-07 W32/Leaves: Exploitation of previously installed SubSeven Trojan Horses},
    shorttitle =   {Advisory IN-2001-07},
    institution =  {CERT Coordination Center},
    address =      {Pittsburgh, PA},
    month =        "3. " # jul,
    year =         {2001},
    urldate =      {9.7.2003},
    URL =          {http://www.cert.org/incident_notes/IN-2001-07.html},
    }
    
@TechReport{cert01:_the_"cheese"_worm,
    author =       {{CERT Coordination Center}},
    title =        {{CERT} Incident Note IN-2001-05 The "cheese" Worm},
    shorttitle =   {Advisory IN-2001-05},
    institution =  {CERT Coordination Center},
    address =      {Pittsburgh, PA},
    month =        "17. " # thu,
    year =         {2001},
    urldate =      {9.7.2003},
    URL =          {http://www.cert.org/incident_notes/IN-2001-05.html},
    }
    
@TechReport{cert01:_"carko"_distributed_denial-of-service_tool,
    author =       {{CERT Coordination Center}},
    title =        {{CERT} Incident Note IN-2001-04 "Carko" Distributed Denial-of-Service Tool},
    shorttitle =   {Advisory IN-2001-04},
    institution =  {CERT Coordination Center},
    address =      {Pittsburgh, PA},
    month =        "24. " # tue,
    year =         {2001},
    urldate =      {9.7.2003},
    URL =          {http://www.cert.org/incident_notes/IN-2001-04.html},
    }
    
@TechReport{cert01:_unauthentic_"microsoft_corporation"_certificates,
    author =       {{CERT Coordination Center}},
    title =        {{CERT} Advisory CA-2001-04 Unauthentic "Microsoft Corporation" Certificates},
    shorttitle =   {Advisory CA-2001-04},
    institution =  {CERT Coordination Center},
    address =      {Pittsburgh, PA},
    month =        "22. " # mar,
    year =         {2001},
    urldate =      {9.7.2003},
    URL =          {http://www.cert.org/advisories/CA-2001-04.html},
    }
    
@TechReport{cert01:_vbs/onthefly_(anna_kournikova)_malicious_code,
    author =       {{CERT Coordination Center}},
    title =        {{CERT} Advisory CA-2001-03 VBS/OnTheFly (Anna Kournikova) Malicious Code},
    shorttitle =   {Advisory CA-2001-03},
    institution =  {CERT Coordination Center},
    address =      {Pittsburgh, PA},
    month =        "12. " # feb,
    year =         {2001},
    urldate =      {9.7.2003},
    URL =          {http://www.cert.org/advisories/CA-2001-03.html},
    }
    
@TechReport{cert01:_open_mail_relays_used_to_deliver_"hybris_worm",
    author =       {{CERT Coordination Center}},
    title =        {{CERT} Incident Note IN-2001-02 Open mail relays used to deliver "Hybris Worm"},
    shorttitle =   {Advisory IN-2001-02},
    institution =  {CERT Coordination Center},
    address =      {Pittsburgh, PA},
    month =        "02. " # fri,
    year =         {2001},
    urldate =      {9.7.2003},
    URL =          {http://www.cert.org/incident_notes/IN-2001-02.html},
    }
    
@TechReport{cert01:_widespread_compromises_via_"ramen"_toolkit,
    author =       {{CERT Coordination Center}},
    title =        {{CERT} Incident Note IN-2001-01 Widespread Compromises via "ramen" Toolkit},
    shorttitle =   {Advisory IN-2001-01},
    institution =  {CERT Coordination Center},
    address =      {Pittsburgh, PA},
    month =        "18. " # thu,
    year =         {2001},
    urldate =      {9.7.2003},
    URL =          {http://www.cert.org/incident_notes/IN-2001-01.html},
    }
    
@TechReport{cert01:_interbase_server_contains_compiled-in_back_door_account,
    author =       {{CERT Coordination Center}},
    title =        {{CERT} Advisory CA-2001-01 Interbase Server Contains Compiled-in Back Door Account},
    shorttitle =   {Advisory CA-2001-01},
    institution =  {CERT Coordination Center},
    address =      {Pittsburgh, PA},
    month =        "10. " # jan,
    year =         {2001},
    urldate =      {9.7.2003},
    URL =          {http://www.cert.org/advisories/CA-2001-01.html},
    }
    
@TechReport{cert00:_revocation_of_sun_microsystems_browser_certificates,
    author =       {{CERT Coordination Center}},
    title =        {{CERT} Advisory CA-2000-19 Revocation of Sun Microsystems Browser Certificates},
    shorttitle =   {Advisory CA-2000-19},
    institution =  {CERT Coordination Center},
    address =      {Pittsburgh, PA},
    month =        "25. " # oct,
    year =         {2000},
    urldate =      {9.7.2003},
    URL =          {http://www.cert.org/advisories/CA-2000-19.html},
    }
    
@TechReport{cert00:_"mstream"_distributed_denial_of_service_tool,
    author =       {{CERT Coordination Center}},
    title =        {{CERT} Incident Note IN-2000-05 "mstream" Distributed Denial of Service Tool},
    shorttitle =   {Advisory IN-2000-05},
    institution =  {CERT Coordination Center},
    address =      {Pittsburgh, PA},
    month =        "2. " # tue,
    year =         {2000},
    urldate =      {9.7.2003},
    URL =          {http://www.cert.org/incident_notes/IN-2000-05.html},
    }
    
@TechReport{cert00:_denial_of_service_attacks_using_nameservers,
    author =       {{CERT Coordination Center}},
    title =        {{CERT} Incident Note IN-2000-04 Denial of Service Attacks using Nameservers},
    shorttitle =   {Advisory IN-2000-04},
    institution =  {CERT Coordination Center},
    address =      {Pittsburgh, PA},
    month =        "28. " # fri,
    year =         {2000},
    urldate =      {9.7.2003},
    URL =          {http://www.cert.org/incident_notes/IN-2000-04.html},
    }
    
@TechReport{cert00:_love_letter_worm,
    author =       {{CERT Coordination Center}},
    title =        {{CERT} Advisory CA-2000-04 Love Letter Worm},
    shorttitle =   {Advisory CA-2000-04},
    institution =  {CERT Coordination Center},
    address =      {Pittsburgh, PA},
    month =        "4. " # may,
    year =         {2000},
    urldate =      {9.7.2003},
    URL =          {http://www.cert.org/advisories/CA-2000-04.html},
    }
    
@TechReport{cert00:_911_worm,
    author =       {{CERT Coordination Center}},
    title =        {{CERT} Incident Note IN-2000-03 911 Worm},
    shorttitle =   {Advisory IN-2000-03},
    institution =  {CERT Coordination Center},
    address =      {Pittsburgh, PA},
    month =        "4. " # apr,
    year =         {2000},
    urldate =      {9.7.2003},
    URL =          {http://www.cert.org/incident_notes/IN-2000-03.html},
    }
    
@TechReport{cert00:_continuing_compromises_of_dns_servers,
    author =       {{CERT Coordination Center}},
    title =        {{CERT} Advisory CA-2000-03 Continuing Compromises of DNS servers},
    shorttitle =   {Advisory CA-2000-03},
    institution =  {CERT Coordination Center},
    address =      {Pittsburgh, PA},
    month =        "26. " # apr,
    year =         {2000},
    urldate =      {9.7.2003},
    URL =          {http://www.cert.org/advisories/CA-2000-03.html},
    }
    
@TechReport{cert00:_exploitation_of_unprotected_windows_networking_shares,
    author =       {{CERT Coordination Center}},
    title =        {{CERT} Incident Note IN-2000-02 Exploitation of Unprotected Windows Networking Shares},
    shorttitle =   {Advisory IN-2000-02},
    institution =  {CERT Coordination Center},
    address =      {Pittsburgh, PA},
    month =        "3. " # fri,
    year =         {2000},
    urldate =      {9.7.2003},
    URL =          {http://www.cert.org/incident_notes/IN-2000-02.html},
    }
    
@TechReport{cert00:_windows_based_ddos_agents,
    author =       {{CERT Coordination Center}},
    title =        {{CERT} Incident Note IN-2000-01 Windows Based DDOS Agents},
    shorttitle =   {Advisory IN-2000-01},
    institution =  {CERT Coordination Center},
    address =      {Pittsburgh, PA},
    month =        "28. " # feb,
    year =         {2000},
    urldate =      {9.7.2003},
    URL =          {http://www.cert.org/incident_notes/IN-2000-01.html},
    }
    
@TechReport{cert00:_denial-of-service_developments,
    author =       {{CERT Coordination Center}},
    title =        {{CERT} Advisory CA-2000-01 Denial-of-Service Developments},
    shorttitle =   {Advisory CA-2000-01},
    institution =  {CERT Coordination Center},
    address =      {Pittsburgh, PA},
    month =        "3. " # jan,
    year =         {2000},
    urldate =      {9.7.2003},
    URL =          {http://www.cert.org/advisories/CA-2000-01.html},
    }
    
@TechReport{cert99:_denial-of-service_tools,
    author =       {{CERT Coordination Center}},
    title =        {{CERT} Advisory CA-1999-17 Denial-of-Service Tools},
    shorttitle =   {Advisory CA-1999-17},
    institution =  {CERT Coordination Center},
    address =      {Pittsburgh, PA},
    month =        "28. " # dec,
    year =         {1999},
    urldate =      {9.7.2003},
    URL =          {http://www.cert.org/advisories/CA-1999-17.html},
    }
    
@TechReport{cert99:_distributed_denial_of_service_tools,
    author =       {{CERT Coordination Center}},
    title =        {{CERT} Incident Note IN-99-07 Distributed Denial of Service Tools},
    shorttitle =   {Advisory IN-99-07},
    institution =  {CERT Coordination Center},
    address =      {Pittsburgh, PA},
    month =        "18. " # nov,
    year =         {1999},
    urldate =      {9.7.2003},
    URL =          {http://www.cert.org/incident_notes/IN-99-07.html},
    }
    
@TechReport{cert99:_explorezip_trojan_horse_program,
    author =       {{CERT Coordination Center}},
    title =        {{CERT} Advisory CA-1999-06 ExploreZip Trojan Horse Program},
    shorttitle =   {Advisory CA-1999-06},
    institution =  {CERT Coordination Center},
    address =      {Pittsburgh, PA},
    month =        "10. " # jun,
    year =         {1999},
    urldate =      {9.7.2003},
    URL =          {http://www.cert.org/advisories/CA-1999-06.html},
    }
    
@TechReport{cert99:_melissa_macro_virus,
    author =       {{CERT Coordination Center}},
    title =        {{CERT} Advisory CA-1999-04 Melissa Macro Virus},
    shorttitle =   {Advisory CA-1999-04},
    institution =  {CERT Coordination Center},
    address =      {Pittsburgh, PA},
    month =        "27. " # mar,
    year =         {1999},
    urldate =      {9.7.2003},
    URL =          {http://www.cert.org/advisories/CA-1999-04.html},
    }
    
@TechReport{cert99:_cih/chernobyl_virus,
    author =       {{CERT Coordination Center}},
    title =        {{CERT} Incident Note IN-99-03 CIH/Chernobyl Virus},
    shorttitle =   {Advisory IN-99-03},
    institution =  {CERT Coordination Center},
    address =      {Pittsburgh, PA},
    month =        "22. " # apr,
    year =         {1999},
    urldate =      {9.7.2003},
    URL =          {http://www.cert.org/incident_notes/IN-99-03.html},
    }
    
@TechReport{cert99:_trojan_horses,
    author =       {{CERT Coordination Center}},
    title =        {{CERT} Advisory CA-1999-02 Trojan Horses},
    shorttitle =   {Advisory CA-1999-02},
    institution =  {CERT Coordination Center},
    address =      {Pittsburgh, PA},
    month =        "5. " # feb,
    year =         {1999},
    urldate =      {9.7.2003},
    URL =          {http://www.cert.org/advisories/CA-1999-02.html},
    }
    
@TechReport{cert99:_trojan_horse_version_of_tcp_wrappers,
    author =       {{CERT Coordination Center}},
    title =        {{CERT} Advisory CA-1999-01 Trojan horse version of TCP Wrappers},
    shorttitle =   {Advisory CA-1999-01},
    institution =  {CERT Coordination Center},
    address =      {Pittsburgh, PA},
    month =        "21. " # jan,
    year =         {1999},
    urldate =      {9.7.2003},
    URL =          {http://www.cert.org/advisories/CA-1999-01.html},
    }
    
@TechReport{cert98:_advanced_scanning,
    author =       {{CERT Coordination Center}},
    title =        {{CERT} Incident Note IN-98.04 
Advanced Scanning},
    shorttitle =   {Advisory IN-98.04},
    institution =  {CERT Coordination Center},
    address =      {Pittsburgh, PA},
    month =        "29. " # sep,
    year =         {1998},
    urldate =      {9.7.2003},
    URL =          {http://www.cert.org/incident_notes/IN-98.04.html},
    }
    
@TechReport{cert98:_password_cracking_activity,
    author =       {{CERT Coordination Center}},
    title =        {{CERT} Incident Note IN-98.03 Password Cracking Activity},
    shorttitle =   {Advisory IN-98.03},
    institution =  {CERT Coordination Center},
    address =      {Pittsburgh, PA},
    month =        "16. " # thu,
    year =         {1998},
    urldate =      {9.7.2003},
    URL =          {http://www.cert.org/incident_notes/IN-98.03.html},
    }
    
@TechReport{cert98:_smurf_ip_denial-of-service_attacks,
    author =       {{CERT Coordination Center}},
    title =        {{CERT} Advisory CA-1998-01 Smurf IP Denial-of-Service Attacks},
    shorttitle =   {Advisory CA-1998-01},
    institution =  {CERT Coordination Center},
    address =      {Pittsburgh, PA},
    month =        "5. " # jan,
    year =         {1998},
    urldate =      {9.7.2003},
    URL =          {http://www.cert.org/advisories/CA-1998-01.html},
    }
    
@TechReport{cert97:_ip_denial-of-service_attacks,
    author =       {{CERT Coordination Center}},
    title =        {{CERT} Advisory CA-1997-28 IP Denial-of-Service Attacks},
    shorttitle =   {Advisory CA-1997-28},
    institution =  {CERT Coordination Center},
    address =      {Pittsburgh, PA},
    month =        "16. " # dec,
    year =         {1997},
    urldate =      {9.7.2003},
    URL =          {http://www.cert.org/advisories/CA-1997-28.html},
    }
    
@TechReport{cert97:_ftp_bounce,
    author =       {{CERT Coordination Center}},
    title =        {{CERT} Advisory CA-1997-27 FTP Bounce},
    shorttitle =   {Advisory CA-1997-27},
    institution =  {CERT Coordination Center},
    address =      {Pittsburgh, PA},
    month =        "10. " # dec,
    year =         {1997},
    urldate =      {9.7.2003},
    URL =          {http://www.cert.org/advisories/CA-1997-27.html},
    }
    
@TechReport{cert96:_denial-of-service_attack_via_ping,
    author =       {{CERT Coordination Center}},
    title =        {{CERT} Advisory CA-1996-26 Denial-of-Service Attack via ping},
    shorttitle =   {Advisory CA-1996-26},
    institution =  {CERT Coordination Center},
    address =      {Pittsburgh, PA},
    month =        "18. " # dec,
    year =         {1996},
    urldate =      {9.7.2003},
    URL =          {http://www.cert.org/advisories/CA-1996-26.html},
    }
    
@TechReport{cert96:_tcp_syn_flooding_and_ip_spoofing_attacks,
    author =       {{CERT Coordination Center}},
    title =        {{CERT} Advisory CA-1996-21 TCP SYN Flooding and IP Spoofing Attacks},
    shorttitle =   {Advisory CA-1996-21},
    institution =  {CERT Coordination Center},
    address =      {Pittsburgh, PA},
    month =        "19. " # sep,
    year =         {1996},
    urldate =      {9.7.2003},
    URL =          {http://www.cert.org/advisories/CA-1996-21.html},
    }
    
@TechReport{cert96:_corrupt_information_from_network_servers,
    author =       {{CERT Coordination Center}},
    title =        {{CERT} Advisory CA-1996-04 Corrupt Information from Network Servers},
    shorttitle =   {Advisory CA-1996-04},
    institution =  {CERT Coordination Center},
    address =      {Pittsburgh, PA},
    month =        "22. " # feb,
    year =         {1996},
    urldate =      {9.7.2003},
    URL =          {http://www.cert.org/advisories/CA-1996-04.html},
    }
    
@TechReport{cert96:_udp_port_denial-of-service_attack,
    author =       {{CERT Coordination Center}},
    title =        {{CERT} Advisory CA-1996-01 UDP Port Denial-of-Service Attack},
    shorttitle =   {Advisory CA-1996-01},
    institution =  {CERT Coordination Center},
    address =      {Pittsburgh, PA},
    month =        "8. " # feb,
    year =         {1996},
    urldate =      {9.7.2003},
    URL =          {http://www.cert.org/advisories/CA-1996-01.html},
    }
    
@TechReport{cert95:_widespread_attacks_on_internet_sites,
    author =       {{CERT Coordination Center}},
    title =        {{CERT} Advisory CA-1995-18 Widespread Attacks on Internet Sites},
    shorttitle =   {Advisory CA-1995-18},
    institution =  {CERT Coordination Center},
    address =      {Pittsburgh, PA},
    month =        "18. " # dec,
    year =         {1995},
    urldate =      {9.7.2003},
    URL =          {http://www.cert.org/advisories/CA-1995-18.html},
    }
    
@TechReport{cert95:_security_administrator_tool_for_analyzing_networks_(satan),
    author =       {{CERT Coordination Center}},
    title =        {{CERT} Advisory CA-1995-06 Security Administrator Tool for Analyzing Networks (SATAN)},
    shorttitle =   {Advisory CA-1995-06},
    institution =  {CERT Coordination Center},
    address =      {Pittsburgh, PA},
    month =        "3. " # apr,
    year =         {1995},
    urldate =      {9.7.2003},
    URL =          {http://www.cert.org/advisories/CA-1995-06.html},
    }
    
@TechReport{cert95:_ip_spoofing_attacks_and_hijacked_terminal_connections,
    author =       {{CERT Coordination Center}},
    title =        {{CERT} Advisory CA-1995-01 IP Spoofing Attacks and Hijacked Terminal Connections},
    shorttitle =   {Advisory CA-1995-01},
    institution =  {CERT Coordination Center},
    address =      {Pittsburgh, PA},
    month =        "23. " # jan,
    year =         {1995},
    urldate =      {9.7.2003},
    URL =          {http://www.cert.org/advisories/CA-1995-01.html},
    }
    
@TechReport{cert94:_trojan_horse_in_irc_client_for_unix,
    author =       {{CERT Coordination Center}},
    title =        {{CERT} Advisory CA-1994-14 Trojan Horse in IRC Client for UNIX},
    shorttitle =   {Advisory CA-1994-14},
    institution =  {CERT Coordination Center},
    address =      {Pittsburgh, PA},
    month =        "19. " # oct,
    year =         {1994},
    urldate =      {9.7.2003},
    URL =          {http://www.cert.org/advisories/CA-1994-14.html},
    }
    
@TechReport{cert94:_wuarchive_ftpd_trojan_horse,
    author =       {{CERT Coordination Center}},
    title =        {{CERT} Advisory CA-1994-07 wuarchive ftpd Trojan Horse},
    shorttitle =   {Advisory CA-1994-07},
    institution =  {CERT Coordination Center},
    address =      {Pittsburgh, PA},
    month =        "6. " # apr,
    year =         {1994},
    urldate =      {9.7.2003},
    URL =          {http://www.cert.org/advisories/CA-1994-07.html},
    }
    
@TechReport{cert94:_ongoing_network_monitoring_attacks,
    author =       {{CERT Coordination Center}},
    title =        {{CERT} Advisory CA-1994-01 Ongoing Network Monitoring Attacks},
    shorttitle =   {Advisory CA-1994-01},
    institution =  {CERT Coordination Center},
    address =      {Pittsburgh, PA},
    month =        "3. " # feb,
    year =         {1994},
    urldate =      {9.7.2003},
    URL =          {http://www.cert.org/advisories/CA-1994-01.html},
    }
    
@TechReport{cert93:_internet_security_scanner_(iss),
    author =       {{CERT Coordination Center}},
    title =        {{CERT} Advisory CA-1993-14 Internet Security Scanner (ISS)},
    shorttitle =   {Advisory CA-1993-14},
    institution =  {CERT Coordination Center},
    address =      {Pittsburgh, PA},
    month =        "30. " # sep,
    year =         {1993},
    urldate =      {9.7.2003},
    URL =          {http://www.cert.org/advisories/CA-1993-14.html},
    }
    
@TechReport{cert92:_internet_intruder_activity,
    author =       {{CERT Coordination Center}},
    title =        {{CERT} Advisory CA-1992-03 Internet Intruder Activity},
    shorttitle =   {Advisory CA-1992-03},
    institution =  {CERT Coordination Center},
    address =      {Pittsburgh, PA},
    month =        "17. " # feb,
    year =         {1992},
    urldate =      {9.7.2003},
    URL =          {http://www.cert.org/advisories/CA-1992-03.html},
    }
    
@TechReport{cert92:_michelangelo_pc_virus_warning,
    author =       {{CERT Coordination Center}},
    title =        {{CERT} Advisory CA-1992-02 Michelangelo PC Virus Warning},
    shorttitle =   {Advisory CA-1992-02},
    institution =  {CERT Coordination Center},
    address =      {Pittsburgh, PA},
    month =        "6. " # feb,
    year =         {1992},
    urldate =      {9.7.2003},
    URL =          {http://www.cert.org/advisories/CA-1992-02.html},
    }
    
@TechReport{cert91:_active_internet_tftp_attacks,
    author =       {{CERT Coordination Center}},
    title =        {{CERT} Advisory CA-1991-18 Active Internet tftp Attacks},
    shorttitle =   {Advisory CA-1991-18},
    institution =  {CERT Coordination Center},
    address =      {Pittsburgh, PA},
    month =        "27. " # sep,
    year =         {1991},
    urldate =      {9.7.2003},
    URL =          {http://www.cert.org/advisories/CA-1991-18.html},
    }
    
@TechReport{cert91:_social_engineering,
    author =       {{CERT Coordination Center}},
    title =        {{CERT} Advisory CA-1991-04 Social Engineering},
    shorttitle =   {Advisory CA-1991-04},
    institution =  {CERT Coordination Center},
    address =      {Pittsburgh, PA},
    month =        "18. " # apr,
    year =         {1991},
    urldate =      {9.7.2003},
    URL =          {http://www.cert.org/advisories/CA-1991-04.html},
    }
    
@TechReport{cert91:_unauthorized_password_change_requests_via_mail_messages,
    author =       {{CERT Coordination Center}},
    title =        {{CERT} Advisory CA-1991-03 Unauthorized Password Change Requests Via Mail Messages},
    shorttitle =   {Advisory CA-1991-03},
    institution =  {CERT Coordination Center},
    address =      {Pittsburgh, PA},
    month =        "4. " # apr,
    year =         {1991},
    urldate =      {9.7.2003},
    URL =          {http://www.cert.org/advisories/CA-1991-03.html},
    }
    
@TechReport{cert90:_security_probes_from_italy,
    author =       {{CERT Coordination Center}},
    title =        {{CERT} Advisory CA-1990-11 Security probes from Italy},
    shorttitle =   {Advisory CA-1990-11},
    institution =  {CERT Coordination Center},
    address =      {Pittsburgh, PA},
    month =        "10. " # dec,
    year =         {1990},
    urldate =      {9.7.2003},
    URL =          {http://www.cert.org/advisories/CA-1990-11.html},
    }
    
@TechReport{cert90:_rumor_of_alleged_attack,
    author =       {{CERT Coordination Center}},
    title =        {{CERT} Advisory CA-1990-10 Rumor of Alleged Attack},
    shorttitle =   {Advisory CA-1990-10},
    institution =  {CERT Coordination Center},
    address =      {Pittsburgh, PA},
    month =        "16. " # nov,
    year =         {1990},
    urldate =      {9.7.2003},
    URL =          {http://www.cert.org/advisories/CA-1990-10.html},
    }
    
@TechReport{cert90:_vax/vms_break-ins,
    author =       {{CERT Coordination Center}},
    title =        {{CERT} Advisory CA-1990-09 VAX/VMS Break-ins},
    shorttitle =   {Advisory CA-1990-09},
    institution =  {CERT Coordination Center},
    address =      {Pittsburgh, PA},
    month =        "8. " # nov,
    year =         {1990},
    urldate =      {9.7.2003},
    URL =          {http://www.cert.org/advisories/CA-1990-09.html},
    }
    
@TechReport{cert90:_internet_intruder_warning,
    author =       {{CERT Coordination Center}},
    title =        {{CERT} Advisory CA-1990-02 Internet Intruder Warning},
    shorttitle =   {Advisory CA-1990-02},
    institution =  {CERT Coordination Center},
    address =      {Pittsburgh, PA},
    month =        "19. " # mar,
    year =         {1990},
    urldate =      {9.7.2003},
    URL =          {http://www.cert.org/advisories/CA-1990-02.html},
    }
    
@TechReport{cert89:_wank_worm_on_span_network,
    author =       {{CERT Coordination Center}},
    title =        {{CERT} Advisory CA-1989-04 WANK Worm On SPAN Network},
    shorttitle =   {Advisory CA-1989-04},
    institution =  {CERT Coordination Center},
    address =      {Pittsburgh, PA},
    month =        "17. " # oct,
    year =         {1989},
    urldate =      {9.7.2003},
    URL =          {http://www.cert.org/advisories/CA-1989-04.html},
    }
    
@TechReport{cert89:_telnet_breakin_warning,
    author =       {{CERT Coordination Center}},
    title =        {{CERT} Advisory CA-1989-03 Telnet Breakin Warning},
    shorttitle =   {Advisory CA-1989-03},
    institution =  {CERT Coordination Center},
    address =      {Pittsburgh, PA},
    month =        "16. " # aug,
    year =         {1989},
    urldate =      {9.7.2003},
    URL =          {http://www.cert.org/advisories/CA-1989-03.html},
    }
