@inproceedings(dfrws2002:EoghanCasey,
  booktitle="Proceedings of the 2002 DFRWS Conference",
  year=2002,
  author="Eoghan Casey",
  title="Confronting Encryption in Computer Investigations: Practical Lessons",
  url="http://dfrws.org/2002/papers/Papers/Eoghan_Casey.pdf",
)

@inproceedings(dfrws2002:WarrenHarrison,
  booktitle="Proceedings of the 2002 DFRWS Conference",
  year=2002,
  author="Warren Harrison",
  title="A Lessons Learned Repository for Computer Forensics",
  url="http://dfrws.org/2002/papers/Papers/Warren_Harrison.pdf",
)

@inproceedings(dfrws2002:JamesLyle,
  booktitle="Proceedings of the 2002 DFRWS Conference",
  year=2002,
  author="James Lyle",
  title="NIST CFTT: Testing Disk Imaging Tools",
  url="http://dfrws.org/2002/papers/Papers/James_Lyle.pdf",
)

@inproceedings(dfrws2002:MichaelDuren,
  booktitle="Proceedings of the 2002 DFRWS Conference",
  year=2002,
  author="Michael Duren",
  title="Can Digital Evidence Endure the Test of Time?",
  url="http://dfrws.org/2002/papers/Papers/Mike_Duren.pdf",
)

@inproceedings(dfrws2002:BrianCarrier,
  booktitle="Proceedings of the 2002 DFRWS Conference",
  year=2002,
  author="Brian Carrier",
  title="Defining Digital Forensic Examination and Analysis Tools",
  url="http://dfrws.org/2002/papers/Papers/Brian_carrier.pdf",
)

@inproceedings(dfrws2002:FrankAdelstein,
  booktitle="Proceedings of the 2002 DFRWS Conference",
  year=2002,
  author="Frank Adelstein",
  title="The Mobile Forensic Platform",
  url="http://dfrws.org/2002/papers/Papers/Frank_Adelstein.pdf",
)

@inproceedings(dfrws2002:DarioForte,
  booktitle="Proceedings of the 2002 DFRWS Conference",
  year=2002,
  author="Dario Forte",
  title="Analyzing the Difficulties in Backtracking the Onion Router's Traffic",
  url="http://dfrws.org/2002/papers/Papers/Dario_Forte.pdf",
)

@inproceedings(dfrws2002:JesseKornblum,
  booktitle="Proceedings of the 2002 DFRWS Conference",
  year=2002,
  author="Jesse Kornblum",
  title="First Responders Evidence Disk",
  url="http://dfrws.org/2002/papers/Papers/Jesse_Kornblum.pdf",
)

@inproceedings(dfrws2002:LtJacobJackson,
  booktitle="Proceedings of the 2002 DFRWS Conference",
  year=2002,
  author="Lt. Jacob Jackson",
  title="Steganalysis with a Computational Immune System: A Proposal",
  url="http://dfrws.org/2002/papers/Papers/Jacob_Jackson.pdf",
)

@inproceedings(dfrws2002:OlivierDevel,
  booktitle="Proceedings of the 2002 DFRWS Conference",
  year=2002,
  author="Olivier De vel",
  title="Language and Gender Analysis of E-Mail Authorship for Computer Forensics",
  url="http://dfrws.org/2002/papers/Papers/Olivier_DeVel.pdf",
)

@inproceedings(dfrws2002:KuleshShanmugasundaram,
  booktitle="Proceedings of the 2002 DFRWS Conference",
  year=2002,
  author="Kulesh Shanmugasundaram",
  title="Automatic Reassembly of Document Fragments via Data Compression",
  url="http://dfrws.org/2002/papers/Presentations/Kulesh_Shanmugasundaram.ppt",
)

@inproceedings(dfrws2002:SrinivasMukkamala,
  booktitle="Proceedings of the 2002 DFRWS Conference",
  year=2002,
  author="Srinivas Mukkamala",
  title="Audit Data Reduction Using Neural Networks and Support Vector Machines",
  url="http://dfrws.org/2002/papers/Papers/Srinivas_Mukkamala.pdf",
)

@inproceedings(dfrws2004:NicoleBeebeAndUniversityofTexasatSanAntonio,
  booktitle="Proceedings of the 2004 DFRWS Conference",
  year=2004,
  author="Nicole Beebe and University of Texas at San Antonio",
  title="A Hierarchical, Objectives-Based Framework for the Digital Investigations Process",
  url="http://dfrws.org/2004/day1/Beebe_Obj_Framework_for_DI.pdf",
)

@inproceedings(dfrws2004:BrianCarrierAndPurdueUniversityAndWestLafayetteAndIN,
  booktitle="Proceedings of the 2004 DFRWS Conference",
  year=2004,
  author="Brian Carrier and Purdue University and West Lafayette and IN",
  title="An Event-Based Digital Forensic Investigation Framework",
  url="http://dfrws.org/2004/day1/Carrier-event.pdf",
)

@inproceedings(dfrws2004:RenWeiAndZhongnanUniversityofEconomicsAndLawAndChina,
  booktitle="Proceedings of the 2004 DFRWS Conference",
  year=2004,
  author="Ren Wei and Zhongnan University of Economics and Law and China",
  title="A Framework of Distributed Agent-based Network Forensics System",
  url="http://dfrws.org/2004/day1/renweislides.pdf",
)

@inproceedings(dfrws2004:DrHeatherDussaultAndSUNYInstituteofTechnologyamp;GIITAndRomeAndNY,
  booktitle="Proceedings of the 2004 DFRWS Conference",
  year=2004,
  author="Dr. Heather Dussault and SUNY Institute of Technology \&; GIIT and Rome and NY",
  title="Forensics, Fighter Pilots and the OODA Loop: The Role of Digital Forensics in Cyber Command and Control",
  url="http://dfrws.org/2004/day2/Dussault-OODA.pdf",
)

@inproceedings(dfrws2004:JohnLowryAndBBNSystems,
  booktitle="Proceedings of the 2004 DFRWS Conference",
  year=2004,
  author="John Lowry and BBN Systems",
  title="Adversary Modeling to Develop Forensic Observables:",
  url="http://dfrws.org/2004/day2/Adversary_Modeling_to_Develop_Forensic_Observables.pdf",
)

@inproceedings(dfrws2004:DrGoldenGRichardIII,
  booktitle="Proceedings of the 2004 DFRWS Conference",
  year=2004,
  author="Dr. Golden G. Richard III",
  title="Breaking the Performance Wall: The Case for Distributed Digital Forensics",
  url="http://dfrws.org/2004/day2/Golden-Perfromance.pdf",
)

@inproceedings(dfrws2004:IanBryantAndNationalInfrastructureSecurityCoordinationCentreAndMOD/UK,
  booktitle="Proceedings of the 2004 DFRWS Conference",
  year=2004,
  author="Ian Bryant and National Infrastructure Security Coordination Centre and MOD/UK",
  title="Forensics for Critical Information Infrastructure Protection",
  url="http://dfrws.org/2004/day3/D3-Bryant-Triage.ppt",
)

@inproceedings(dfrws2004:MikeSieffertAndAFRL/ASUAssuredInformationSecurity,
  booktitle="Proceedings of the 2004 DFRWS Conference",
  year=2004,
  author="Mike Sieffert and AFRL/ASU Assured Information Security",
  title="Stego Intrusion Detection System",
  url="http://dfrws.org/2004/day3/D3-Sieffert-SIDS.pdf",
)

@inproceedings(dfrws2004:PaulBlytheAndJessicaFridrichAndSUNYBinghamtonAndNY,
  booktitle="Proceedings of the 2004 DFRWS Conference",
  year=2004,
  author="Paul Blythe and Jessica Fridrich and SUNY Binghamton and NY",
  title="Secure Digital Camera",
  url="http://dfrws.org/2004/day3/D3-Blyth_Secure_Digital_Camera.pdf",
)

@inproceedings{dfrws2004:MarkHirshAndDCCI---MITRE,
  booktitle="Proceedings of the 2004 DFRWS Conference",
  year=2004,
  author="Mark Hirsh and DCCI---MITRE",
  title="Proposal to Formalize Test and Evaluation Activities Within the Forensic and Law Enforcement Communities",
  url="http://dfrws.org/2004/day3/D3-Hirsh_WhitepaperTE.pdf"
}

@inproceedings(dfrws2004:LorenzoMartignoniAndUniversitydegliStudidiMilanoBicoccaAndItaly,
  booktitle="Proceedings of the 2004 DFRWS Conference",
  year=2004,
  author="Lorenzo Martignoni and Universit&#224; degli Studi di Milano Bicocca and Italy",
  title="How to Reuse Knowledge about Forensic Investigations",
  url="http://dfrws.org/2004/day3/D3-Martignoni-Reuse.pdf",
)

@inproceedings(dfrws2005:KnutEcksteinAndMarkoJahnke,
  booktitle="Proceedings of the 2005 DFRWS Conference",
  year=2005,
  author="Knut Eckstein and Marko Jahnke",
  title="Data Hiding in Journaling File Systems",
  url="http://dfrws.org/2005/proceedings/eckstein_journal.pdf",
)

@inproceedings(dfrws2005:MatthewGeigerAndCarnegieMellonUniversity,
  booktitle="Proceedings of the 2005 DFRWS Conference",
  year=2005,
  author="Matthew Geiger and Carnegie Mellon University",
  title="Evaluating Commercial Counter-Forensic Tools",
  url="http://dfrws.org/2005/proceedings/geiger_counterforensics_slides.pdf",
)

@inproceedings(dfrws2005:FrankAdelsteinAndYunGaoAndGoldenGRichardIII,
  booktitle="Proceedings of the 2005 DFRWS Conference",
  year=2005,
  author="Frank Adelstein and Yun Gao and Golden G. Richard III",
  title="Automatically Creating Realistic Targets for Digital Forensics Investigation",
  url="http://dfrws.org/2005/proceedings/adelstein_falcon.pdf",
)

@inproceedings(dfrws2005:BrianDCarrierAndEugeneHSpafford,
  booktitle="Proceedings of the 2005 DFRWS Conference",
  year=2005,
  author="Brian D. Carrier and Eugene H. Spafford",
  title="Automated Digital Evidence Target Definition Using Outlier Analysis and Existing Evidence",
  url="http://dfrws.org/2005/proceedings/carrier_targetdefn.pdf",
)

@inproceedings(dfrws2005:AChrisBogenAndDrDavidADampier,
  booktitle="Proceedings of the 2005 DFRWS Conference",
  year=2005,
  author="A. Chris Bogen and Dr. David A. Dampier",
  title="Preparing for Large-Scale Investigations with Case Domain Modeling",
  url="http://dfrws.org/2005/proceedings/bogen_domainmodel.pdf",
)

@inproceedings(dfrws2005:WmBlairGillamAndMarcRogers,
  booktitle="Proceedings of the 2005 DFRWS Conference",
  year=2005,
  author="Wm. Blair Gillam and Marc Rogers",
  title="File Hound: A Forensics Tool for First Responders",
  url="http://dfrws.org/2005/proceedings/gillam_filehound.pdf",
)

@inproceedings(dfrws2005:ChristianGSarmoriaAndSteveJChapin,
  booktitle="Proceedings of the 2005 DFRWS Conference",
  year=2005,
  author="Christian G. Sarmoria and Steve J. Chapin",
  title="Monitoring Access to Shared Memory-Mapped Files",
  url="http://dfrws.org/2005/proceedings/sarmoria_memorymap.pdf",
)

@inproceedings(dfrws2005:WeiWangAndThomasEDaniels,
  booktitle="Proceedings of the 2005 DFRWS Conference",
  year=2005,
  author="Wei Wang and Thomas E. Daniels",
  title="Network Forensics Analysis with Evidence Graphs",
  url="http://dfrws.org/2005/proceedings/wang_evidencegraphs.pdf",
)

@inproceedings(dfrws2005:FlorianBuchholzAndCourtneyFalk,
  booktitle="Proceedings of the 2005 DFRWS Conference",
  year=2005,
  author="Florian Buchholz and Courtney Falk",
  title="Design and Implementation of Zeitline: a Forensic Timeline Editor",
  url="http://dfrws.org/2005/proceedings/buchholz_zeitline.pdf",
)

@inproceedings(dfrws2005:PhilipTurner,
  booktitle="Proceedings of the 2005 DFRWS Conference",
  year=2005,
  author="Philip Turner",
  title="Unification of Digital Evidence from Disparate Sources (Digital Evidence Bags)",
  url="http://dfrws.org/2005/proceedings/turner_evidencebags.pdf",
)

@inproceedings(dfrws2005:GoldenGRichardIIIAndVassilRoussev,
  booktitle="Proceedings of the 2005 DFRWS Conference",
  year=2005,
  author="Golden G. Richard III and Vassil Roussev",
  title="Scalpel: A Frugal, High Performance File Carver",
  url="http://dfrws.org/2005/proceedings/richard_scalpel.pdf",
)

@inproceedings(dfrws2005:LeiPanAndLynnMBatten,
  booktitle="Proceedings of the 2005 DFRWS Conference",
  year=2005,
  author="Lei Pan and Lynn M. Batten",
  title="Reproducibility of Digital Evidence in Forensic Investigations",
  url="http://dfrws.org/2005/proceedings/pan_reproducibility.pdf",
)

@inproceedings(dfrws2005:ErinEKenneallyAndChristopherLTBrown,
  booktitle="Proceedings of the 2005 DFRWS Conference",
  year=2005,
  author="Erin E. Kenneally and Christopher L. T. Brown",
  title="Risk Sensitive Digital Evidence Collection",
  url="http://dfrws.org/2005/proceedings/keneally_risk.pdf",
)

@inproceedings(dfrws2006:JamesLyle,
  booktitle="Proceedings of the 2006 DFRWS Conference",
  year=2006,
  author="James Lyle",
  title="A Strategy for Testing Hardware Write Block Devices",
  url="http://dfrws.org/2006/proceedings/1-Lyle-pres.pdf",
)

@inproceedings(dfrws2006:AndreasSchusterAndDeutscheTelekomAGAndGermany,
  booktitle="Proceedings of the 2006 DFRWS Conference",
  year=2006,
  author="Andreas Schuster and Deutsche Telekom AG and Germany",
  title="Searching for Processes and Threads in Microsoft Windows Memory Dumps",
  url="http://dfrws.org/2006/proceedings/2-Schuster-pres.pdf",
)

@inproceedings(dfrws2006:NitinKhannaAndAravindMikkilineniAndAnthonyMartoneAndGaziAliAndGeorgeChiuAndJanAllebachAndEdDelp,
  booktitle="Proceedings of the 2006 DFRWS Conference",
  year=2006,
  author="Nitin Khanna and Aravind Mikkilineni and Anthony Martone and Gazi Ali and George Chiu and Jan Allebach and Ed Delp",
  title="A Survey of Forensic Characterization Methods for Physical Devices",
  url="http://dfrws.org/2006/proceedings/3-Khanna-pres.pdf",
)

@inproceedings(dfrws2006:RicciSze-ChungIeongAndeWalkerConsultingLtdAndHongKong,
  booktitle="Proceedings of the 2006 DFRWS Conference",
  year=2006,
  author="Ricci Sze-Chung Ieong and eWalker Consulting Ltd. and Hong Kong",
  title="FORZA---Digital Forensics Investigation Frameworks That Incorporate Legal Issues",
  url="http://dfrws.org/2006/proceedings/4-Ieong-pres.pdf",
)

@inproceedings(dfrws2006:AshleyNBrinsonAndAbigailRobinson,
  booktitle="Proceedings of the 2006 DFRWS Conference",
  year=2006,
  author="Ashley N. Brinson and Abigail Robinson",
  title="A Cyber Forensics Ontology: Creating a New Approach to Studying Cyber Forensics",
  url="http://dfrws.org/2006/proceedings/5-Brinson-pres.pdf",
)

@inproceedings(dfrws2006:RyanHarris,
  booktitle="Proceedings of the 2006 DFRWS Conference",
  year=2006,
  author="Ryan Harris",
  title="Arriving at an Anti-forensics Consensus: Examining How to Define and Control the Anti-forensics Problem",
  url="http://dfrws.org/2006/proceedings/6-Harris-pres.pdf",
)

@inproceedings(dfrws2006:WouterAlinkAndRaoulBhoedjangAndPeterBonczAndArjendeVries,
  booktitle="Proceedings of the 2006 DFRWS Conference",
  year=2006,
  author="Wouter Alink and Raoul Bhoedjang and Peter Boncz and Arjen de Vries",
  title="XIRAF---Ultimate Forensic Querying",
  url="http://dfrws.org/2006/proceedings/7-Alink-pres.pdf",
)

@inproceedings(dfrws2006:PhilipTurner,
  booktitle="Proceedings of the 2006 DFRWS Conference",
  year=2006,
  author="Philip Turner",
  title="Selective and Intelligent Imaging using Digital Evidence Bags",
  url="http://dfrws.org/2006/proceedings/8-Turner-pres.pdf",
)

@inproceedings(dfrws2006:SangwonLeeAndDavidAymanAndBruceGooch,
  booktitle="Proceedings of the 2006 DFRWS Conference",
  year=2006,
  author="Sangwon Lee and David Ayman and Bruce Gooch",
  title="Detecting False Captioning Using Common Sense Reasoning",
  url="http://dfrws.org/2006/proceedings/9-Lee-pres.pdf",
)

@inproceedings(dfrws2006:MarkMayburyAndPennyChase,
  booktitle="Proceedings of the 2006 DFRWS Conference",
  year=2006,
  author="Mark Maybury and Penny Chase",
  title="Knowledge Exploration, Analysis, and Discovery (KNEAD) Workshop",
  url="http://dfrws.org/2006/proceedings/Maybury-pres.pdf",
)

@inproceedings(dfrws2006:SimsonLGarfinkel,
  booktitle="Proceedings of the 2006 DFRWS Conference",
  year=2006,
  author="Simson L. Garfinkel",
  title="Cross-Drive Analysis",
  url="http://dfrws.org/2006/proceedings/10-Garfinkel-pres.pdf",
)

@inproceedings(dfrws2006:VassilRoussevAndTimothyBourgAndYixinChenAndGoldenGRichard,
  booktitle="Proceedings of the 2006 DFRWS Conference",
  year=2006,
  author="Vassil Roussev and Timothy Bourg and Yixin Chen and Golden G Richard",
  title="md5bloom---Forensic Filesystem Hashing Revisited",
  url="http://dfrws.org/2006/proceedings/11-Roussev-pres.pdf",
)

@inproceedings(dfrws2006:JesseKornblum,
  booktitle="Proceedings of the 2006 DFRWS Conference",
  year=2006,
  author="Jesse Kornblum",
  title="Identifying Almost Identical Files Using Context Triggered Piecewise Hashing",
  url="http://dfrws.org/2006/proceedings/12-Kornblum-pres.pdf",
)

@inproceedings(dfrws2006:BradleySchatzAndGeorgeMohayAndAndrewClark,
  booktitle="Proceedings of the 2006 DFRWS Conference",
  year=2006,
  author="Bradley Schatz and George Mohay and Andrew Clark",
  title="A Correlation Method for Establishing Provenance of Timestamps in Digital Evidence",
  url="http://dfrws.org/2006/proceedings/13-\%20Schatz-pres.pdf",
  pages={S98--S107}
)

@inproceedings(dfrws2006:SundararamanJeyaraman,
  booktitle="Proceedings of the 2006 DFRWS Conference",
  year=2006,
  author="Sundararaman Jeyaraman",
  title="An Empirical Study of Automatic Event Reconstruction Systems",
  url="http://dfrws.org/2006/proceedings/14-Jeyaraman-pres.pdf",
)

@inproceedings(dfrws2006:MarcusRogersAndKathrynSeigfriedAndKirtiTidke,
  booktitle="Proceedings of the 2006 DFRWS Conference",
  year=2006,
  author="Marcus Rogers and Kathryn Seigfried and Kirti Tidke",
  title="Self-Reported Computer Criminal Behavior: A Psychological Analysis",
  url="http://dfrws.org/2006/proceedings/15-Rogers-pres.pdf",
)

@inproceedings(dfrws2006:BrianDCarrierAndEugeneSpafford,
  booktitle="Proceedings of the 2006 DFRWS Conference",
  year=2006,
  author="Brian D Carrier and Eugene Spafford",
  title="Categories of Digital Investigation Analysis Techniques Based On The Computer History Model",
  url="http://dfrws.org/2006/proceedings/16-Carrier-pres.pdf",
)

@inproceedings(dfrws2007:AliRezaArastehAndMouradDebbabi,
  booktitle="Proceedings of the 2007 DFRWS Conference",
  year=2007,
  author="Ali Reza Arasteh and Mourad Debbabi",
  title="Forensic Memory Analysis: From Stack and Code to Execution History",
  url="http://dfrws.org/2007/proceedings/p114-arasteh.pdf",
)

@inproceedings(dfrws2007:BradleySchatz,
  booktitle="Proceedings of the 2007 DFRWS Conference",
  year=2007,
  author="Bradley Schatz",
  title="BodySnatcher: Towards Reliable Volatile Memory Acquisition by Software",
  url="http://dfrws.org/2007/proceedings/p126-schatz.pdf",
)

@inproceedings(dfrws2007:BrendanFDolan-Gavitt,
  booktitle="Proceedings of the 2007 DFRWS Conference",
  year=2007,
  author="Brendan F Dolan-Gavitt",
  title="The VAD Tree: A Process-Eye View of Physical Memory.",
  url="http://dfrws.org/2007/proceedings/p62-dolan-gavitt.pdf",
)

@inproceedings(dfrws2007:VassilRoussevAndGoldenGRichardIIIAndAndLodovicoMarziale,
  booktitle="Proceedings of the 2007 DFRWS Conference",
  year=2007,
  author="Vassil Roussev and Golden G. Richard III and and Lodovico Marziale",
  title="Multi-Resolution Similarity Hashing.",
  url="http://dfrws.org/2007/proceedings/p105-roussev.pdf",
)

@inproceedings(dfrws2007:NicoleLangBeebeAndJanClark,
  booktitle="Proceedings of the 2007 DFRWS Conference",
  year=2007,
  author="Nicole Lang Beebe and Jan Clark",
  title="Digital Forensic Text String Searching: Improving Information Retrieval Effectiveness by Thematically Clustering Search Results.",
  url="http://dfrws.org/2007/proceedings/p49-beebe.pdf",
)

@inproceedings(dfrws2007:CarolTaylorAndBarbaraEndicott-PopovskyAndAndDeborahFrincke,
  booktitle="Proceedings of the 2007 DFRWS Conference",
  year=2007,
  author="Carol Taylor and Barbara Endicott-Popovsky and and Deborah Frincke",
  title="Specifying Digital Forensics: A Forensics Policy Approach.",
  url="http://dfrws.org/2007/proceedings/p101-taylor.pdf",
)

@inproceedings(dfrws2007:AndreasSchuster,
  booktitle="Proceedings of the 2007 DFRWS Conference",
  year=2007,
  author="Andreas Schuster",
  title="Introducing the Microsoft Vista Log File Format.",
  url="http://dfrws.org/2007/proceedings/p65-schuster.pdf",
)

@inproceedings(dfrws2007:RichMurphey,
  booktitle="Proceedings of the 2007 DFRWS Conference",
  year=2007,
  author="Rich Murphey",
  title="Automated Windows Event Log Forensics.",
  url="http://dfrws.org/2007/proceedings/p92-murphey.pdf",
)

@inproceedings(dfrws2007:AliRezaArastehAndMouradDebbabiAndAssaadSakhaAndAndMohamedSaleh,
  booktitle="Proceedings of the 2007 DFRWS Conference",
  year=2007,
  author="Ali Reza Arasteh and Mourad Debbabi and Assaad Sakha and and Mohamed Saleh",
  title="Analyzing Multiple Logs for Forensic Evidence.",
  url="http://dfrws.org/2007/proceedings/p82-arasteh.pdf",
)

@inproceedings(dfrws2007:ChristianSeifertAndRamonSteensonAndIanWelchAndPeterKomisarczukAndAndBarbaraEndicott-Popovsky,
  booktitle="Proceedings of the 2007 DFRWS Conference",
  year=2007,
  author="Christian Seifert and Ramon Steenson and Ian Welch and Peter Komisarczuk and and Barbara Endicott-Popovsky",
  title="Capture---A Tool for Behavioral Analysis of Applications and Documents.",
  url="http://dfrws.org/2007/proceedings/p23-seifert.pdf",
)

@inproceedings(dfrws2007:FrankAdelsteinAndRobJoyce,
  booktitle="Proceedings of the 2007 DFRWS Conference",
  year=2007,
  author="Frank Adelstein and Rob Joyce",
  title="File Marshal: Automatic Extraction of Peer-to-Peer Data.",
  url="http://dfrws.org/2007/proceedings/p43-adelstein.pdf",
)

@inproceedings(dfrws2007:FlorianBuchholzAndBrettTjaden,
  booktitle="Proceedings of the 2007 DFRWS Conference",
  year=2007,
  author="Florian Buchholz and Brett Tjaden",
  title="A Brief Study of Time.",
  url="http://dfrws.org/2007/proceedings/p31-buchholz.pdf",
)

@inproceedings(dfrws2007:LodovicoMarzialeAndGoldenGRichardIIIAndAndVassilRoussev,
  booktitle="Proceedings of the 2007 DFRWS Conference",
  year=2007,
  author="Lodovico Marziale and Golden G. Richard III and and Vassil Roussev",
  title="Massive Threading: Using GPUs to Increase the  Performance of Digital Forensics Tools.",
  url="http://dfrws.org/2007/proceedings/p73-marziale.pdf",
)

@inproceedings(dfrws2007:SimsonLGarfinkel,
  booktitle="Proceedings of the 2007 DFRWS Conference",
  year=2007,
  author="Simson L. Garfinkel",
  title="Carving Contiguous and Fragmented Files with Object Validation.",
  url="http://dfrws.org/2007/proceedings/p2-garfinkel.pdf",
)

@inproceedings(dfrws2007:MridulSankarBarikAndGauravGuptaAndShubhroSinhaAndAlokMishraAndAndChandanMazumdara,
  booktitle="Proceedings of the 2007 DFRWS Conference",
  year=2007,
  author="Mridul Sankar Barik and Gaurav Gupta and Shubhro Sinha and Alok Mishra and and Chandan Mazumdara",
  title="An Efficient Technique for Enhancing Forensic Capabilities of Ext2 File System.",
  url="http://dfrws.org/2007/proceedings/p55-barik.pdf",
)

@inproceedings(dfrws2007:JamesRLyleAndMarkWozar,
  booktitle="Proceedings of the 2007 DFRWS Conference",
  year=2007,
  author="James R. Lyle and Mark Wozar",
  title="Issues with Imaging Drives Containing Faulty Sectors.",
  url="http://dfrws.org/2007/proceedings/p13-lyle.pdf",
)

@inproceedings(dfrws2007:GerryMastersAndPhilipTurner,
  booktitle="Proceedings of the 2007 DFRWS Conference",
  year=2007,
  author="Gerry Masters and Philip Turner",
  title="Forensic Data Recovery and Examination of Magnetic Swipe Card Cloning Devices.",
  url="http://dfrws.org/2007/proceedings/p16-masters.pdf",
)

@inproceedings(dfrws2008:AnandabrataPalAndHusrevSencarAndNasirMemon,
  booktitle="Proceedings of the 2008 DFRWS Conference",
  year=2008,
  author="Anandabrata Pal and Husrev Sencar and Nasir Memon",
  title="Detecting File Fragmentation Point Using Sequential Hypothesis Testing.",
  url="http://dfrws.org/2008/proceedings/p2-pal.pdf",
)

@inproceedings(dfrws2008:PredictingtheTypesofFileFragments,
  booktitle="Proceedings of the 2008 DFRWS Conference",
  year=2008,
  author="Predicting the Types of File Fragments",
  title="Predicting the Types of File Fragments.",
  url="http://dfrws.org/2008/proceedings/p14-calhoun.pdf",
)

@inproceedings(dfrws2008:UsingJPEGQuantizationTablestoIdentifyImageryProcessedbySoftware,
  booktitle="Proceedings of the 2008 DFRWS Conference",
  year=2008,
  author="Using JPEG Quantization Tables to Identify Imagery Processed by Software",
  title="Using JPEG Quantization Tables to Identify Imagery Processed by Software",
  url="http://dfrws.org/2008/proceedings/p21-kornblum.pdf",
)

@inproceedings(dfrws2008:BrendanDolan-Gavitt,
  booktitle="Proceedings of the 2008 DFRWS Conference",
  year=2008,
  author="Brendan Dolan-Gavitt",
  title="Forensic Analysis of the Windows Registry in Memory.",
  url="http://dfrws.org/2008/proceedings/p26-dolan-gavitt.pdf",
)

@inproceedings(dfrws2008:TimothyMorgan,
  booktitle="Proceedings of the 2008 DFRWS Conference",
  year=2008,
  author="Timothy Morgan",
  title="Recovering Deleted Data From the Windows Registry.",
  url="http://dfrws.org/2008/proceedings/p33-morgan.pdf",
)

@inproceedings(dfrws2008:FarkhundIqbalAndRachidHadjidjAndBenjaminFungAndMouradDebbabi,
  booktitle="Proceedings of the 2008 DFRWS Conference",
  year=2008,
  author="Farkhund Iqbal and Rachid Hadjidj and Benjamin Fung and Mourad Debbabi",
  title="A Novel Approach of Mining Write-Prints for Authorship Attribution in E-mail Forensics.",
  url="http://dfrws.org/2008/proceedings/p42-iqbal.pdf",
)

@inproceedings(dfrws2008:RuudvanBaar,
  booktitle="Proceedings of the 2008 DFRWS Conference",
  year=2008,
  author="Ruud van Baar",
  title="Forensic Memory Analysis: Files mapped in memory.",
  url="http://dfrws.org/2008/proceedings/p52-vanBaar.pdf",
)

@inproceedings(dfrws2008:AndreasSchuster,
  booktitle="Proceedings of the 2008 DFRWS Conference",
  year=2008,
  author="Andreas Schuster",
  title="The impact of Microsoft Windows pool allocation strategies on memory forensics",
  url="http://dfrws.org/2008/proceedings/p58-schuster.pdf",
)

@inproceedings(dfrws2008:AndrewCaseAndAndrewCristinaAndLodovicoMarzialeAndIIIAndGoldenRichardAndVassilRoussev,
  booktitle="Proceedings of the 2008 DFRWS Conference",
  year=2008,
  author="Andrew Case and Andrew Cristina and Lodovico Marziale and III and Golden Richard and Vassil Roussev",
  title="FACE: Automated Digital Evidence Discovery and Correlation.",
  url="http://dfrws.org/2008/proceedings/p65-case.pdf",
)

@inproceedings(dfrws2008:AaronBurghardtAndAdamFeldman,
  booktitle="Proceedings of the 2008 DFRWS Conference",
  year=2008,
  author="Aaron Burghardt and Adam Feldman",
  title="Using the HFS+ Journal For Deleted File Recovery.",
  url="http://dfrws.org/2008/proceedings/p76-burghardt.pdf",
)

@inproceedings(dfrws2008:RobJoyceAndJudsonPowersAndFrankAdelstein,
  booktitle="Proceedings of the 2008 DFRWS Conference",
  year=2008,
  author="Rob Joyce and Judson Powers and Frank Adelstein",
  title="MEGA: A Tool for Mac OS X Operating System and Application Forensics.",
  url="http://dfrws.org/2008/proceedings/p83-joyce.pdf",
)

@inproceedings(dfrws2008:JooyoungLee,
  booktitle="Proceedings of the 2008 DFRWS Conference",
  year=2008,
  author="Jooyoung Lee",
  title="High Speed Search using Tarari Content Processor in Digital Forensics.",
  url="http://dfrws.org/2008/proceedings/p91-lee.pdf",
)

@inproceedings(dfrws2008:JosephLewthwaiteAndVictoriaSmith,
  booktitle="Proceedings of the 2008 DFRWS Conference",
  year=2008,
  author="Joseph Lewthwaite and Victoria Smith",
  title="Limewire Examinations.",
  url="http://dfrws.org/2008/proceedings/p96-lewthwaite.pdf",
)

@inproceedings(dfrws2008:StephenBruecknerAndFrankAdelsteinAndDavidGuaspariAndJosephWeeks,
  booktitle="Proceedings of the 2008 DFRWS Conference",
  year=2008,
  author="Stephen Brueckner and Frank Adelstein and David Guaspari and Joseph Weeks",
  title="Automated Computer Forensics Training in a Virtualized Environment.",
  url="http://dfrws.org/2008/proceedings/p105-brueckner.pdf",
)

@inproceedings(dfrws2008:MichaelCohen,
  booktitle="Proceedings of the 2008 DFRWS Conference",
  year=2008,
  author="Michael Cohen",
  title="PyFlag---An advanced Network Forensic Framework.",
  url="http://dfrws.org/2008/proceedings/p112-cohen.pdf",
)

@inproceedings(dfrws2008:GianluigiMeAndAlessandroDistefano,
  booktitle="Proceedings of the 2008 DFRWS Conference",
  year=2008,
  author="Gianluigi Me and Alessandro Distefano",
  title="An overall assessment of Mobile Internal Acquisition Tool.",
  url="http://dfrws.org/2008/proceedings/p121-distefano.pdf",
)

@inproceedings(dfrws2008:OlivierThonnardAndMarcDacier,
  booktitle="Proceedings of the 2008 DFRWS Conference",
  year=2008,
  author="Olivier Thonnard and Marc Dacier",
  title="A Framework for Attack Patterns Discovery in Honeynet Data.",
  url="http://dfrws.org/2008/proceedings/p128-thonnard.pdf",
)

@inproceedings(dfrws2009:SimsonGarfinkelAndPaulFarrellAndVassilRoussevAndGeorgeDinolt,
  booktitle="Proceedings of the 2009 DFRWS Conference",
  year=2009,
  author="Simson Garfinkel and Paul Farrell and Vassil Roussev and George    Dinolt",
  title="Bringing Science to Digital Forensics with Standardized       Forensic Corpora.",
  url="http://dfrws.org/2009/proceedings/p2-garfinkel.pdf",
)

@inproceedings(dfrws2009:ValidationAndverificationofcomputerforensicsoftwaretools---SearchingFunction,
  booktitle="Proceedings of the 2009 DFRWS Conference",
  year=2009,
  author="Validation and    verification of computer forensic software tools---Searching    Function",
  title="Validation and       verification of computer forensic software tools---Searching       Function.",
  url="http://dfrws.org/2009/proceedings/p12-guo.pdf",
)

@inproceedings(dfrws2009:DIALOG:AFrameworkforModelingAndAnalysisAndReuseofDigitalForensicKnowledge,
  booktitle="Proceedings of the 2009 DFRWS Conference",
  year=2009,
  author="DIALOG: A Framework for Modeling and Analysis and Reuse of Digital Forensic Knowledge",
  title="DIALOG: A Framework for Modeling, Analysis and Reuse of Digital Forensic Knowledge.",
  url="http://dfrws.org/2009/proceedings/p23-kahvedzic.pdf",
)

@inproceedings(dfrws2009:DanielAyers,
  booktitle="Proceedings of the 2009 DFRWS Conference",
  year=2009,
  author="Daniel Ayers",
  title="A Second Generation Computer Forensic Analysis System.",
  url="http://dfrws.org/2009/proceedings/p34-ayers.pdf",
)

@inproceedings(dfrws2009:KathrynWatkinsAndMikeMcWhorterAndJeffLongAndWilliamHill,
  booktitle="Proceedings of the 2009 DFRWS Conference",
  year=2009,
  author="Kathryn Watkins and Mike McWhorter and Jeff Long and William Hill",
  title="Teleporter: An Analytically and Forensically Sound Duplicate Transfer System.",
  url="http://dfrws.org/2009/proceedings/p43-watkins.pdf",
)

@inproceedings(dfrws2009:BrianNLevineAndMarcLiberatore,
  booktitle="Proceedings of the 2009 DFRWS Conference",
  year=2009,
  author="Brian N. Levine and Marc Liberatore",
  title="DEX: Digital Evidence Provenance Supporting Reproducibility and Comparison.",
  url="http://dfrws.org/2009/proceedings/p48-levine.pdf",
)

@inproceedings(dfrws2009:MichaelCohenAndSimsonGarfinkelAndBradleySchatz,
  booktitle="Proceedings of the 2009 DFRWS Conference",
  year=2009,
  author="Michael Cohen and Simson Garfinkel and Bradley Schatz",
  title="Extending the Advanced Forensic Format to accommodate Multiple Data Sources, Logical Evidence, Arbitrary Information and Forensic Workflow.",
  url="http://dfrws.org/2009/proceedings/p57-cohen.pdf",
)

@inproceedings(dfrws2009:YuandongZhuAndPavelGladyshevAndJoshuaJames,
  booktitle="Proceedings of the 2009 DFRWS Conference",
  year=2009,
  author="Yuandong Zhu and Pavel Gladyshev and Joshua James",
  title="Using ShellBag Information to Reconstruct User Activities.",
  url="http://dfrws.org/2009/proceedings/p69-zhu.pdf",
)

@inproceedings(dfrws2009:JensOlssonAndMartinBoldt,
  booktitle="Proceedings of the 2009 DFRWS Conference",
  year=2009,
  author="Jens Olsson and Martin Boldt",
  title="Computer Forensic Timeline Visualization Tool.",
  url="http://dfrws.org/2009/proceedings/p78-olsson.pdf",
  pages={S78--S87}
)

@inproceedings(dfrws2009:HusrevSencarAndNasirMemon,
  booktitle="Proceedings of the 2009 DFRWS Conference",
  year=2009,
  author="Husrev Sencar and Nasir Memon",
  title="Identification and Recovery of JPEG Files with Missing Fragments.",
  url="http://dfrws.org/2009/proceedings/p88-sencar.pdf",
)

@inproceedings(dfrws2009:NicoleBeebeAndSoniaMandesAndDaneStuckey,
  booktitle="Proceedings of the 2009 DFRWS Conference",
  year=2009,
  author="Nicole Beebe and Sonia Mandes and Dane Stuckey",
  title="Digital Forensic Implications of ZFS.",
  url="http://dfrws.org/2009/proceedings/p99-beebe.pdf",
)

@inproceedings(dfrws2009:KibomKimAndSangseoParkAndTaejooChangAndCheolwonLeeAndSungjaiBaek,
  booktitle="Proceedings of the 2009 DFRWS Conference",
  year=2009,
  author="Kibom Kim and Sangseo Park and Taejoo Chang and Cheolwon Lee and Sungjai Baek",
  title="Lessons Learned from the Construction of a Korean Software Reference Data Set for Digital Forensics.",
  url="http://dfrws.org/2009/proceedings/p108-kim.pdf",
)

@inproceedings(dfrws2009:VrizlynnLLThingAndHwei-MingYing,
  booktitle="Proceedings of the 2009 DFRWS Conference",
  year=2009,
  author="Vrizlynn L. L. Thing and Hwei-Ming Ying",
  title="A Novel Time-Memory Trade-Off Method for Password Recovery.",
  url="http://dfrws.org/2009/proceedings/p114-thing.pdf",
)

@inproceedings(dfrws2009:SeyedMahmoodHejaziAndChamseddineTalhiAndMouradDebbabi,
  booktitle="Proceedings of the 2009 DFRWS Conference",
  year=2009,
  author="Seyed Mahmood Hejazi and Chamseddine Talhi and Mourad Debbabi",
  title="Extraction of Forensically Sensitive Information from Windows Physical Memory.",
  url="http://dfrws.org/2009/proceedings/p121-hedjazi.pdf",
)

@inproceedings(dfrws2009:CarstenMaartmann-MoeAndAndreArnesAndSteffenEThorkildsen,
  booktitle="Proceedings of the 2009 DFRWS Conference",
  year=2009,
  author="Carsten Maartmann-Moe and Andre Arnes and Steffen E. Thorkildsen",
  title="The Persistence of Memory: Forensic Identification and Extraction of Cryptographic Keys.",
  url="http://dfrws.org/2009/proceedings/p132-moe.pdf",
)

@inproceedings(dfrws2010:GregoryContiAndSergeyBratusAndBenjaminSangsterAndRoyRagsdaleAndMatthewSupanAndAndrewLichtenbergAndRobertPerez-AlemanyAndAnnaShubina,
  booktitle="Proceedings of the 2010 DFRWS Conference",
  year=2010,
  author="Gregory Conti and Sergey Bratus and Benjamin Sangster and Roy Ragsdale and Matthew Supan and Andrew Lichtenberg and Robert Perez-Alemany and Anna Shubina",
  title="Automated Mapping of Large Binary Objects Using Primitive Fragment Type Classification.",
  url="http://dfrws.org/2010/proceedings/2010-301.pdf",
)

@inproceedings(dfrws2010:SimsonGarfinkelAndAlexNelsonAndDouglasWhiteAndAndVassilRoussev,
  booktitle="Proceedings of the 2010 DFRWS Conference",
  year=2010,
  author="Simson Garfinkel and Alex Nelson and Douglas White and and Vassil Roussev",
  title="Using purpose-built functions and block hashes to enable small block and sub-file forensics.",
  url="http://dfrws.org/2010/proceedings/2010-302.pdf",
)

@inproceedings(dfrws2010:StefanAxelsson,
  booktitle="Proceedings of the 2010 DFRWS Conference",
  year=2010,
  author="Stefan Axelsson",
  title="The Normalized Compression Distance as a File Fragment Classifier.",
  url="http://dfrws.org/2010/proceedings/2010-303.pdf",
)

@inproceedings(dfrws2010:GoldenRichardAndAndrewCaseAndLodovicoMarziale,
  booktitle="Proceedings of the 2010 DFRWS Conference",
  year=2010,
  author="Golden Richard and Andrew Case and Lodovico Marziale",
  title="Dynamic Recreation of Kernel Data Structures for Live Forensics.",
  url="http://dfrws.org/2010/proceedings/2010-304.pdf",
)

@inproceedings(dfrws2010:GoldenRichardAndAndrewCaseAndLodovicoMarzialeAndCrisNeckar,
  booktitle="Proceedings of the 2010 DFRWS Conference",
  year=2010,
  author="Golden Richard and Andrew Case and Lodovico Marziale and Cris Neckar",
  title="Treasure and Tragedy in kmem_cache Mining for Live Forensics Investigation.",
  url="http://dfrws.org/2010/proceedings/2010-305.pdf",
)

@inproceedings(dfrws2010:JamesOkolicaAndGilbertPeterson,
  booktitle="Proceedings of the 2010 DFRWS Conference",
  year=2010,
  author="James Okolica and Gilbert Peterson",
  title="Windows Operating System Agnostic Memory Analysis.",
  url="http://dfrws.org/2010/proceedings/2010-306.pdf",
)

@inproceedings(dfrws2010:RichardStevensAndEoghanCasey,
  booktitle="Proceedings of the 2010 DFRWS Conference",
  year=2010,
  author="Richard Stevens and Eoghan Casey",
  title="Extracting Windows Command Line Details from Physical Memory.",
  url="http://dfrws.org/2010/proceedings/2010-307.pdf",
)

@inproceedings(dfrws2010:SimsonGarfinkel,
  booktitle="Proceedings of the 2010 DFRWS Conference",
  year=2010,
  author="Simson Garfinkel",
  title="Digital Forensics Research: The Next 10 Years.",
  url="http://dfrws.org/2010/proceedings/2010-308.pdf",
)

@inproceedings(dfrws2010:VrizlynnThingAndKian-YongNgAndEe-ChienChang,
  booktitle="Proceedings of the 2010 DFRWS Conference",
  year=2010,
  author="Vrizlynn Thing and Kian-Yong Ng and Ee-Chien Chang",
  title="Live Memory Forensics of Mobile Phones.",
  url="http://dfrws.org/2010/proceedings/2010-309.pdf",
)

@inproceedings(dfrws2010:AlessandroDistefanoAndGianluigiMeAndFrancescoPace,
  booktitle="Proceedings of the 2010 DFRWS Conference",
  year=2010,
  author="Alessandro Distefano and Gianluigi Me and Francesco Pace",
  title="Android Anti-Forensics Through a Local Paradigm.",
  url="http://dfrws.org/2010/proceedings/2010-310.pdf",
)

@inproceedings(dfrws2010:RobertErdelyAndThomasKerleAndBrianLevineAndMarcLiberatoreAndClayShields,
  booktitle="Proceedings of the 2010 DFRWS Conference",
  year=2010,
  author="Robert Erdely and Thomas Kerle and Brian Levine and Marc Liberatore and Clay Shields",
  title="Forensic Investigation of Peer-to-Peer File Sharing Network.",
  url="http://dfrws.org/2010/proceedings/2010-311.pdf",
)

@inproceedings(dfrws2010:BilalShebaroAndFernandoPerez-GonzalezAndJedidiahRCrandall,
  booktitle="Proceedings of the 2010 DFRWS Conference",
  year=2010,
  author="Bilal Shebaro and Fernando Perez-Gonzalez and Jedidiah R. Crandall",
  title="Leaving Timing Channel Fingerprints in Hidden Service Log Files.",
  url="http://dfrws.org/2010/proceedings/2010-312.pdf",
)

@inproceedings(dfrws2010:JewanBangAndByeongyeongYooAndSangjinLee,
  booktitle="Proceedings of the 2010 DFRWS Conference",
  year=2010,
  author="Jewan Bang and Byeongyeong Yoo and Sangjin Lee",
  title="Secure USB Bypassing Tool.",
  url="http://dfrws.org/2010/proceedings/2010-313.pdf",
)

@inproceedings(dfrws2010:MichaelCohenAndBradleySchatz,
  booktitle="Proceedings of the 2010 DFRWS Conference",
  year=2010,
  author="Michael Cohen and Bradley Schatz",
  title="Hash based disk imaging using AFF4.",
  url="http://dfrws.org/2010/proceedings/2010-314.pdf",
)

@inproceedings(dfrws2010:BrianCarrier,
  booktitle="Proceedings of the 2010 DFRWS Conference",
  year=2010,
  author="Brian Carrier",
  title="Different Interpretations of ISO9660 File Systems.",
  url="http://dfrws.org/2010/proceedings/2010-315.pdf",
)

@inproceedings(dfrws2010:JamesLyle,
  booktitle="Proceedings of the 2010 DFRWS Conference",
  year=2010,
  author="James Lyle",
  title="If Error Rate is Such a Simple Concept, Why Don't I have One for My Forensic Tool Yet?",
  url="http://dfrws.org/2010/proceedings/2010-316.pdf",
)

@inproceedings(dfrws2011:ClayShieldsAndOphirFriederAndMarkMaloof,
  booktitle="Proceedings of the 2011 DFRWS Conference",
  year=2011,
  author="Clay Shields and Ophir Frieder and Mark Maloof",
  title="A System for the Proactive, Continuous, and Efficient Collection of Digital Forensic Evidence",
  url="http://dfrws.org/2011/proceedings/06-338.pdf",
)

@inproceedings(dfrws2011:TimothyVidasAndChengyeZhangAndNicolasChristin,
  booktitle="Proceedings of the 2011 DFRWS Conference",
  year=2011,
  author="Timothy Vidas and Chengye Zhang and Nicolas Christin",
  title="Towards a General Collection Methodology for Android Devices",
  url="http://dfrws.org/2011/proceedings/07-339.pdf",
)

@inproceedings(dfrws2011:KhawlaAl-WehaibiAndTimStorerAndBradGlisson,
  booktitle="Proceedings of the 2011 DFRWS Conference",
  year=2011,
  author="Khawla Al-Wehaibi and Tim Storer and Brad Glisson",
  title="Augmenting Password Recovery with Online Profiling",
  url="http://dfrws.org/2011/proceedings/08-340.pdf",
)

@inproceedings(dfrws2011:VassilRoussev,
  booktitle="Proceedings of the 2011 DFRWS Conference",
  year=2011,
  author="Vassil Roussev",
  title="An Evaluation of Forensic Similarity Hashes",
  url="http://dfrws.org/2011/proceedings/09-341.pdf",
)

@inproceedings(dfrws2011:HajimeInoueAndFrankAdelsteinAndRobertJoyce,
  booktitle="Proceedings of the 2011 DFRWS Conference",
  year=2011,
  author="Hajime Inoue and Frank Adelstein and Robert Joyce",
  title="Visualization in Testing a Volatile Memory Forensic Tool",
  url="http://dfrws.org/2011/proceedings/10-342.pdf",
)

@inproceedings(dfrws2011:-2,
  booktitle="Proceedings of the 2011 DFRWS Conference",
  year=2011,
  author="",
  title="A.J. Krouse (Frilot Law Firm)",
  url="http://dfrws.org/2011/proceedings/AJ Krouse ESI presentation.pdf",
)

@inproceedings(dfrws2011:-3,
  booktitle="Proceedings of the 2011 DFRWS Conference",
  year=2011,
  author="",
  title="Scott A. Kamber (KamberLaw)",
  url="http://dfrws.org/2011/proceedings/20110801 DFRWS NewOrleansv2.pdf",
)

@inproceedings(dfrws2011:AndrewMarringtonAndIbrahimBaggiliAndGeorgeMohayAndAndrewClark,
  booktitle="Proceedings of the 2011 DFRWS Conference",
  year=2011,
  author="Andrew Marrington and Ibrahim Baggili and George Mohay and Andrew Clark",
  title="CAT Detect (Computer Activity Timeline Detection): A Tool for Detecting Inconsistency in Computer Activity Timelines",
  url="http://dfrws.org/2011/proceedings/11-343.pdf",
  pages={S52--S61}
)

@inproceedings(dfrws2011:JunghoonOhAndSeungbongLeeAndSangjinLee,
  booktitle="Proceedings of the 2011 DFRWS Conference",
  year=2011,
  author="Junghoon Oh and Seungbong Lee and Sangjin Lee",
  title="Advanced Evidence Collection and Analysis of Web Browser Activity",
  url="http://dfrws.org/2011/proceedings/12-344.pdf",
)

@inproceedings(dfrws2011:JonathanGrier,
  booktitle="Proceedings of the 2011 DFRWS Conference",
  year=2011,
  author="Jonathan Grier",
  title="Detecting Data Theft Using Stochastic Forensics",
  url="http://dfrws.org/2011/proceedings/13-345.pdf",
)

@inproceedings(dfrws2011:RobertBeverlyAndSimsonGarfinkelAndGregCardwell,
  booktitle="Proceedings of the 2011 DFRWS Conference",
  year=2011,
  author="Robert Beverly and Simson Garfinkel and Greg Cardwell",
  title="Forensic Carving of Network Packets and Associated Data Structures",
  url="http://dfrws.org/2011/proceedings/14-346.pdf",
  pages={S78--S89}
)

@inproceedings(dfrws2011:BilalShebaroAndJedidiahCrandall,
  booktitle="Proceedings of the 2011 DFRWS Conference",
  year=2011,
  author="Bilal Shebaro and Jedidiah Crandall",
  title="Privacy-Preserving Network Flow Recording",
  url="http://dfrws.org/2011/proceedings/15-347.pdf",
)

@inproceedings(dfrws2011:MichaelCohenAndDarrenBilbyAndGermanoCaronni,
  booktitle="Proceedings of the 2011 DFRWS Conference",
  year=2011,
  author="Michael Cohen and Darren Bilby and Germano Caronni",
  title="Distributed Forensics and Incident Response in the enterprise",
  url="http://dfrws.org/2011/proceedings/16-348.pdf",
)

@inproceedings(dfrws2011:ChristopherKingAndTimothyVidas,
  booktitle="Proceedings of the 2011 DFRWS Conference",
  year=2011,
  author="Christopher King and Timothy Vidas",
  title="Empirical Analysis of Solid State Disk Data Retention when used with Contemporary Operating Systems",
  url="http://dfrws.org/2011/proceedings/17-349.pdf",
)

@inproceedings(dfrws2011:JamesOkolicaAndGilbertPeterson,
  booktitle="Proceedings of the 2011 DFRWS Conference",
  year=2011,
  author="James Okolica and Gilbert Peterson",
  title="Extracting the Windows Clipboard from Memory",
  url="http://dfrws.org/2011/proceedings/18-350.pdf",
)

@inproceedings(dfrws2011:RalfBrown,
  booktitle="Proceedings of the 2011 DFRWS Conference",
  year=2011,
  author="Ralf Brown",
  title="Reconstructing Corrupt DEFLATEd Files",
  url="http://dfrws.org/2011/proceedings/19-351.pdf",
  pages="S125--S131"
)

