@misc{zlib,
 title="zlib: A Massively Spiffy Yet Delicately Unobtrusive Compression Library (Also Free, Not to Mention Unencumbered by Patents)",
 url="http://www.zlib.net",
 author="Greg Roelofs and Mark Adler",
 year=2012,
 month=May # " 2",
 note="Last accessed Feb 23, 2013"
}
                  

@misc{oracle-outside-in,
 title="Oracle Outside In Technology",
 author={{Oracle}},
 year=2013,
 url="http://www.oracle.com/us/technologies/embedded/025613.htm",
 note="Last accessed Feb 23, 2013"
}                  

@Misc{nsrl,
  author=       {National Institute of Standards and Technology},
  key   = "NIST",
  title =       "National Software Reference Library Reference Data Set",
  url   =         "http://www.nsrl.nist.gov/",
  year  = 2005,
  note = {Last accessed 06 March 2009}
}

@misc{adobe-pdf,
 title="PDF Reference and Adobe Extensions to the PDF Specification",
 year=2013,
 author={{Adobe Systems Incorporated}},
 note="Last accessed Feb 23, 2013",
 url="http://www.adobe.com/devnet/pdf/pdf_reference.html"
}
                  

@misc{nist-russian-tea-room,
 author="Jim Lyle",
 publisher="NIST",
 title="Unicode String Searching--{R}ussian Text",
 url="http://www.cfreds.nist.gov/utf-16-russ.html",
 note="Last accessed Dec. 3, 2011",                    
 year=2007
}                  

@misc{white-bloom,
  author="Douglas White",
  url="http://www.nsrl.nist.gov/RDS/rds_2.13/bloom/",
  year=2006,
  month=Aug # " 17",
  publisher={National Institute of Standards and Technology}
}

@misc{nsrl-research,
  title={{NIST} National Software Reference Library ({NSRL})},
  author={Douglas White},
  year=2005,
  month=Sep,
  url="http://www.nsrl.nist.gov/documents/htcia050928.pdf"
}

@misc{nist-wired-2008,
 title="Tracking Computer Use with the WindowsÂ® Registry Dataset",
 author="Doug White",
 year=2008,
 url="http://www.nsrl.nist.gov/Documents/aafs2008/dw-1-AAFS-2008-wired.pdf"
}                  

@misc{nist-nsrl-cfs-april-2009,
 title="National Software Reference Library",
 publisher={{National Institute of Standards and Technology}},
 year=2009,
 month=Apr,
 author={{NIST}},
 url="http://www.nsrl.nist.gov/Documents/NSRL-CFS-April-2009.pdf"
}

                  
@misc{nist-nsrl-rds-march2012,
 title="National Software Reference Library",
 year=2012,
 month=Mar,
 author={{National Institute of Standards and Technology}},
 url="http://www.nsrl.nist.gov/"
}

                  
@inproceedings{oscar,
  title="Oscar---File Type Identification of Binary Data in Disk Clusters and RAM Pages",
  author="Martin Karresand and Nahid Shahmehri",
  booktitle=" Annual Workshop on Digital Forensics and Incident Analysis",
  year=2006,
  location="Pontypridd, Wales, UK",
  pages="85--94",
  publisher="Springer-Verlag"
}
  

@inproceedings{fileprints,
  author="WJ Li and K Wang and SJ Stolfo and B Herzog",
  title="Fileprints: identifying file types by n-gram analysis",
  booktitle="6th {IEEE} Informaton Assurance Workshop",
  location="West Point, NY",
  month=Jun,
  year=2005
}

@inproceedings{sadi,
  title="SADI: Statistical Analysis for Data Type Identification",
  month=May,
  year=2008,
 booktitle="May 2008. Proceedings of the 3rd {IEEE} International Workshop on Systematic Approaches to Digital Forensic Engineering",
  location="Oakland, CA",
  pages="41--54"
}

@inproceedings{veenman,
  title="Statistical Disk Cluster Classification for File Carving.",
  booktitle="Proceedings of the First International Workshop on Computational Forensics",
  author="CJ Veenman",
  month=Aug # " 31",
  year=2007
}

@inproceedings{carrier:event-based,
  title="An Event-Based Digital Forensic Investigation Framework",
  author="Brian D. Carrier and Eugene H. Spafford",
  booktitle="Digital Forensics Research Workshop",
  year=2004,
  url="http://www.digital-evidence.org/papers/dfrws_event.pdf"
} 

@mastersthesis{farrell:2009,
  author="Paul Farrell",
  title="A Framework for Automated Digital Forensic Reporting",
  year=2009,
  school="Naval Postgraduate School",
  location="Monterey, CA"
}

@article{jonas,
 author = {Jeff Jonas},
 title = {Threat and Fraud; Intelligence, Las Vegas Style},
 journal = {{IEEE} Security and Privacy},
 volume = {6},
 year = {2006},
 pages = {28-34},
}

@article{playstation3-nyt,
 author="John Markoff",
 year=2003,
 month=May # " 26",
 title="From PlayStation to Supercomputer for \$50,000",
 journal="The New York Times",
 url="http://www.nytimes.com/2003/05/26/technology/26XSUPE.html"
}

@inproceedings{agrawal:impressions,
 author="Nitin Argrawal and Andrea C. Arpaci-Dusseau and Remzi H. Arpaci-Dusseau",
 title={Generating Realistic \emph{Impressions} for File-System Benchmarking},
 booktitle ="7th USENIX Conference on File and Storage Technologies (FAST 2007)",
 year=2007,
 publisher="USENIX Association"
}                  

@misc{forensicchallenge,
	Author = {{The Honeynet Project}},
	url = "http://www.honeynet.org/challenge/",
	Title = {{The Forensic Challenge}},
	 Year = 2001}

@misc{honeywall,
	Author = {{The Honeynet Project}},
	url = "http://www.honeynet.org/papers/cdrom/",
	Title = {Honeywall},
	Year = 2005}

@misc{honeynet,
  author={The Honeynet Project},
  title="Know Your Enemy: Honeynets",
  year=2006,
  month=May,
  url="http://old.honeynet.org/papers/honeynet/"
}
                  



@Article{belabbas08:_spect_method_machin_learn,
 author =	 {M.-A. Belabbas and P. J. Wolfe},
 title =	 {Spectral Methods in Machine Learning: New Strategies for
Very Large Data Sets},
 journal =      {PNAS},
 year =	 2009,
 volume=106,
 number=2,
 pages="36--374",
 month=Jan # " 7"
}

@InProceedings{belabbas07:_fast_low_rank_approx_covar_matric,
 author = 	 {M.-A. Belabbas and P. J. Wolfe},
 title = 	 {Fast Low-Rank Approximation for Covariance Matrices},
 booktitle = 	 {CAMSAP},
 year =	 2007,
 pages={293--296}
}

@Misc{BelabbasChoiWolfe2009,
author =       {M.-A. Belabbas and D. S. Choi and P. J. Wolfe},
title = {An Analysis Framework for Landmark Selection and
{N}ystr{\"o}m Kernel Approximation:
Bounds, Algorithms, and Applications},
howpublished = {Submitted to the 2009 \emph{{IEEE} Conference on Computer Vision and Pattern Recognition}},
}

@InProceedings{BelabbasWolfeCISS08,
 author = {M.-A. Belabbas and P. J. Wolfe},
 title = {On Sparse Representations of Linear Operators and the
Approximation of Matrix Products},
 booktitle = {Proceedings of the 42nd Annual Conference on
Information Sciences and Systems},
 year = {2008},
 pages={258--263},
 doi={10.1109/CISS.2008.4558532}
}


@InProceedings{spendley08:_adapt_beamf_fast_low_rank,
 author =	 {D. N. Spendley and P. J. Wolfe},
 title =	 {Adaptive Beamforming using Fast Low-Rank Covariance Matrix
Approximations},
 booktitle =    {IEEERadar},
 year =         2008,
 note =         {In press}
}
                  
@inproceedings{1256022,
 author = {Kara Nance and Brian Hay and Christopher Hecker},
 title = {Promoting Digital Forensics Awareness through the University of Alaska Fairbanks ASSERT Center},
 booktitle = {HICSS '07: Proceedings of the 40th Annual Hawaii International Conference on System Sciences},
 year = {2007},
 isbn = {0-7695-2755-8},
 pages = {265b},
 doi = {http://dx.doi.org/10.1109/HICSS.2007.450},
 publisher = {{IEEE} Computer Society},
 address = {Washington, DC, USA},
 }


@misc{gpl,
 title="GNU General Public License",
 year=2007,
 month=Jun,
 url="http://www.gnu.org/copyleft/gpl.html",
 author={Free Software Foundation, Inc.}
}

@misc{scan15,
  title="Scan 15",
  author={The Honeynet Project},
  url="http://old.honeynet.org/scans/scan15/",
  year=2001,
  month=May
}

@misc{dftt,
  title="Digital Forensics Tool Testing Images",
  year=2007,
  author="Brian Carrier",
  url="http://dftt.sourceforge.net/",
  publisher="Digital Evidence"
}

@misc{pyflag-std,
  title="HOWTO load standard test image",
  author={PyFlag},
  year=2008,
  url="http://pyflag.sourceforge.net/Documentation/tutorials/howtos/test_image.html"
}
@misc{sony:fy2008q1,
  title="Supplemental Information for {Q1} {FY2008} Earnings",
  author={Sony Corporation Investor Relations},
  year=2008,
  month=Jul # " 29",
  url="http://www.sony.net/SonyInfo/IR/financial/fr/08q1_eleki.pdf"
}

@article{ibm:cellbe:performance,
  title="Cell {B}roadband {E}ngine {A}rchitecture and its first implementation",
  author="Thomas Chen and Ram Raghaven and Jason Dale and Eiji Iwata",
  year=2005,
  month=Nov # " 29",
  url="http://www-128.ibm.com/developerworks/power/library/pa-cellperf/",
  publisher="IBM",
  journal="developerWorks"
}

@misc{aes:gcm,
   title="Recommendation for Block Cipher Modes of Operation: {Galois/Counter Mode} ({GCM}) and {GMAC}",
   author="Morris Dworkin",
   publisher="{National Institute of Standards and Technology}",
   note="{NIST Special Publication} 800-38D",
   year=2007,
   month=Nov,
   url="http://csrc.nist.gov/publications/nistpubs/800-38D/SP-800-38D.pdf"
}

@article{ibm:linux,
  title="An introduction to {Linux} on the {P}LAYSTATION 3",
  author="Jonathan Bartlett",
  year=2007,
  month=Jan # " 3",
  url="http://www.ibm.com/developerworks/power/library/pa-linuxps3-1/",
  publisher="IBM",
  journal="developerWorks"
}

@inproceedings{tcd-cs-2008-21,
  author="Owen Harrison and John Waldron", 
  title="{AES} Encryption Implementation and Analysis on Commodity Graphics Processing Units",
  location="Vienna, Austria",
  year=2007,
  month=Sep # " 13",
  pages="209--226",
  note="LNCS Volume 4727/2007",
  booktitle=" 9th Workshop on Cryptographic Hardware and Embedded Systems (CHES 2007)"
}

@inproceedings{amd:yang,
   title="Symmetric Key Cryptography on Modern Graphics Hardware",
  author="Jason Yang and James Goodman",
  booktitle="ASIACRYPT 2007",
  note="LNCS 4833",
  pages="249--264",
  year=2007,
  editor="K. Kurosawa"
}

@inproceedings{bhaskar,
  title="Efficient {G}alois Field Arithmetic on {SIMD} Architectures",
  author="Raghav Bhaskar and Pradeep K. Dubey and Vijay Kumar and Atri Rudra and Animesh Sharma",
  year=2003,
  booktitle="SPAA'03",
  month=Jun # " 7--9",
  location="San Diego, CA"
}

@misc{cryptoeprint:2007:061,
    author = {Neil Costigan and Michael Scott},
    title = {Accelerating {SSL} using the Vector processors in {IBM}'s {C}ell {B}roadband {E}ngine for {S}ony's {P}laystation 3},
    howpublished = {Cryptology ePrint Archive, Report 2007/061},
    year = {2007},
    note = {\url{http://eprint.iacr.org/}},
}

@inproceedings{hodjat,
  author="A. Hodjat and I. Verbauwhede",
  title="Minimum Area Cost for a 30 to 70 {G}bits/s {AES} Processor",
  year=2004,
  booktitle="2004 {IEEE} Computer Science Annual Symposium on VLSI (ISVLSI 2004)",
  pages="83--88",
  publisher="{IEEE} Computer Society"
}

@techreport{FIPS197,
     author  = "{NIST}",
     title  = "Specification for the {ADVANCED ENCRYPTION STANDARD} ({AES})",
     institution = "National Institute of Standards and Technology ({NIST})",
     number = "FIPS PUB 197",
     month  = "November",
     year   = 2001     }


@inproceedings{1057677,
 author = {Alireza Hodjat and David D. Hwang and Bocheng Lai and Kris Tiri and Ingrid Verbauwhede},
 title = {A 3.84 gbits/s AES crypto coprocessor with modes of operation in a 0.18-{$\mu$}m CMOS technology},
 booktitle = {GLSVSLI '05: Proceedings of the 15th ACM Great Lakes symposium on VLSI},
 year = {2005},
 isbn = {1-59593-057-4},
 pages = {60--63},
 location = {Chicago, Illinois, USA},
 doi = {http://doi.acm.org/10.1145/1057661.1057677},
 publisher = {ACM},
 address = {New York, NY, USA},
 }


@misc{helion,
 url="http://www.heliontech.com/downloads/aes_asic_helioncore.pdf",
 title="Overview Datasheet --- High Performance AES (Rijndael) cores for ASIC",
 author={Helion Technology},
 year=2007
}

@inproceedings{li-seu,
  title="A Memory Soft Error Measurement on Production Systems",
  author="Xin Li and  Kai Shen and Michael C. Huang",
  booktitle="2007 USENIX Annual Technical Conference",
  year=2007,
  pages="275--280",
  location="San Jose, CA"
}


@misc{dsdl,
  title="Metadata Guidelines",
  author={The National Science Digital Library},
  url="http://nsdl.org/collection/type.php",
  year=2009
}

@misc{fre:1001,
  title={Federal Rules of Evidence, Article X, Rule 1003: Admissibility of Duplicates},
  url="http://www.law.cornell.edu/rules/fre/rules.htm",
  year=2008,
  key="Federal"
}
  

@article{patzakis:2001,
  title={The Best Evidence Rule},
  publisher="Guidance Software",
  year=2001,
  pages="31--38",
  author="John Patzakis",
  journal="EnCase Legal Journal"
}


@misc{nist-cfreds,
  title={The {CFReDS} Project}, 
  author="Jim Lyle",
  publisher={National Institute of Standards and Technology},
  year=2008,
  url="http://www.cfreds.nist.gov/"
}

@misc{boomer-win2k,
  url="http://dftt.sourceforge.net/test13/",
  title="Boomer-win2k", 
  author="Jesse Kornblum",
  year=2007
}

@misc{ideval,
  url="http://www.ll.mit.edu/mission/communications/ist/corpora/ideval/data/",
  author={MIT Lincoln Laboratory},
  year=2000,
  title="{DARPA} Intrusion Detection Data Sets"
}
  

@misc{web:stamper,
	Author = {Matthew Richardson},
	Keywords = {timestamping, forensics},
	Note = {\url{http://www.itconsult.co.uk/stamper.htm}},
	Organization = {I. T. Consultancy Limited},
	Title = {Stamper PGP Digital Timestamping Service},
	Year = {2004}}

@misc{honeynetproject,
	Author = {{The Honeynet Project}},
	Note = {\url{http://www.honeynet.org/}},
	Title = {Main Project Web Site},
	Year = {2000}}


@misc{ryan:liability,
  title="Institutional and Professional Liability in Information Assurance Education",
  author="Julie J. C. H. Ryan and Daniel J. Ryan"
}
  

@misc{nist-string-search-spec-draft,
  year=2008,
  month=Jan # " 24",
  title="Forensic String Searching Tool Requirements Specification",
  publisher="National Institute of Standards and Technology",
  author={Computer Forensic Tool Testing Program},
 note="Last accessed Dec. 3, 2011",                  
  url="http://www.cftt.nist.gov/ss-req-sc-draft-v1_0.pdf"
}

@misc{honeynet:scans,
  title="Scan of the Month",
  author="Honeynet",
  url="http://old.honeynet.org/scans/",
  year="2009"
}

@misc{dublin-core,
  title="Dublin Core Metadata Element Set, Version 1.1",
  year=2010,
  month=Oct #" 11",
  url="http://www.dublincore.org/documents/dces/",
  author={{Dublin Core Metadata Initiative}}
}

@misc{genbank,
  url="http://www.ncbi.nlm.nih.gov/Genbank/",
  title="GenBank Overview",
  author={National Center for Biotechnology Information},
  year=2008,
  month=Apr # " 2"
}

@misc{wide-traffic-archive,
  title="MAWI Working Group Traffic Archive",
  url="http://tracer.csl.sony.co.jp/mawi/",
  year=2009
}


@inproceedings{deolalikar-tapp09,
 title="Provenance as data mining: Combining file system metadata with content analysis",
  author="Vinay Deolalikar and Hernan Latte",
  year=2009,
  month=Feb # " 12",
  booktitle="The First Workshop on the Theory and Practice of Provenance (TaPP 09)",
  publisher="Usenix",
  url="http://www.usenix.org/events/tapp09/tech/full_papers/deolalikar/deolalikar.pdf"
}

@book{nrc-forensics,
 title="Strengthening Forensic Science in the United States: A Path Forward",
 author={Committee on Identifying the Needs of the Forensic Science Community},
 publisher="National Research Council",
 month=Feb,
 year=2009
}

@misc{truecrypt,
  title="TrueCrypt: Free Open-Source On-the-Fly Encryption",
  year=2010,
  url="http://www.truecrypt.org",
  author={{TrueCrypt Foundation}}
}

@misc{ironkey,
  title="IronKey -- The World's Most Secure Flash Drive",
  year=2010,
  url="http://www.ironkey.com",
  author={{IronKey, Inc}},
  address="Sunnyvale, CA"
}                  

@article{truecrypt-is-now-detectable,
  title="TrueCrypt is now Detectable",
  author="Rob Zirnstein",
  publisher="Forensic Innovations",
  url="http://www.forensicinnovations.com/blog/?p=7",
  year=2009,
  month=Apr # " 22"
}

  
@inproceedings{1615609,
 author = {B\"{o}hme, Rainer and Freiling, Felix C. and Gloe, Thomas and Kirchner, Matthias},
 title = {Multimedia Forensics Is Not Computer Forensics},
 booktitle = {IWCF '09: Proceedings of the 3rd International Workshop on Computational Forensics},
 year = {2009},
 isbn = {978-3-642-03520-3},
 pages = {90--103},
 location = {The Hague, The Netherlands},
 doi = {http://dx.doi.org/10.1007/978-3-642-03521-0_9},
 publisher = {Springer-Verlag},
 address = {Berlin, Heidelberg},
 }

@article{613756,
 author = {Corey, Vicka and Peterman, Charles and Shearin, Sybil and Greenberg, Michael S. and Van Bokkelen, James},
 title = {Network Forensics Analysis},
 journal = {{IEEE} Internet Computing},
 volume = {6},
 number = {6},
 year = {2002},
 issn = {1089-7801},
 pages = {60--66},
 publisher = {{IEEE} Educational Activities Department},
 address = {Piscataway, NJ, USA},
 }

@article{nytimes:mace_ad,
  title="Display Ad 57",
  journal="The New York Times",
  month=Feb # " 8 ",
  year=1987,
  key="Adv"
}

@inproceedings{goodbad,
 author="Nicole Beebe",
 title="Digital Forensics Research: The Good, the Bad, and the Unaddressed",
 booktitle="Fifth Annual IFIP WG 11.9 International Conference on Digital Forensics",
 year=2009,
 month=Jan,
 location="Orlando, FL"
}

@article{1451849,
 author = {Pollitt, Mark and Nance, Kara and Hay, Brian and Dodge, Ronald C. and Craiger, Philip and Burke, Paul and Marberry, Chris and Brubaker, Bryan},
 title = {Virtualization and Digital Forensics: A Research and Education Agenda},
 journal = {J. Digit. Forensic Pract.},
 volume = {2},
 number = {2},
 year = {2008},
 issn = {1556-7281},
 pages = {62--73},
 doi = {http://dx.doi.org/10.1080/15567280802047135},
 publisher = {Taylor \& Francis, Inc.},
 address = {Bristol, PA, USA},
 }



@inproceedings{Mocas_buildingtheoretical,
  booktitle="Digital Investigation",
    author = {Sarah Mocas},
    title = {Building Theoretical Underpinnings for Digital Forensics Research},
    year = 2004,
  volume=1,
  issue=1,
 pages="61--68"
}                  

@misc{photorec,
 title="Photorec",                  
 year=2011,
 author="Christophe Grenier",
 note="Last accessed Dec. 3, 2011",                  
 url="http://www.cgsecurity.org/wiki/PhotoRec"
}

@misc{photorec:data_carving_log,
 title="Data Carving Log",
 url="http://www.cgsecurity.org/",
 year=2011,
 note="Last accessed Dec. 3, 2011",                  
 author="Christophe Grenier"
}                  


@phdthesis{1369260,
 author = {Ray, Daniel Allen},
 note = {Adviser-Bradford, Phillip G.},
 title = {Developing a proactive digital forensics system},
 year = {2007},
 isbn = {978-0-549-28693-6},
 order_no = {AAI3286172},
 publisher = {University of Alabama},
 address = {Tuscaloosa, AL, USA},
 }                  

                  

@book{saltzer:2009,
  title="Principles of Computer System Design: An Introduction",
  year=2009,
  author="Jerome H. Saltzer and M. Frans Kaashoek",
  publisher="Morgan Kaufmann"
}

@misc{guidance:6.15,
  title="{EnCase Forensic} version 6.15 has been released",
  author={Guidance Software},
  month=Nov # " 17",
  year=2009
}


                  @misc{dfa:website,
title="Formal Education: College Education in Digital Forensics",
year=2010,
url="http://www.digitalforensicsassociation.org/formal-education/",
author={Digital Forensics Association}
}


@misc{guidance:10k,
  title="Form 10-Q",
  author="{Guidance Software}",
  year=2009,
  month=Sep
}

@book{wood:87,
  title="Computer Security: A Comprehensive Controls Checklist",
  author="Charles Cresson Wood and William {W.} Banks and Sergio {B.} Guarro and Abel {A.} Garcia and Viktor {E.} Hampel and Henry {P.} Sartorio",
  note="Edited by Abel {A.} Garcia",
  year=1987,
  publisher="John Wiley \& Sons"
}


@misc{fbi-rpo,
  title={Regional Computer Forensic Laboratory (RCFL) National Program Office (NPO)},
  author={Commonwealth of Virginia Joint Comission on Technology and Science},
  month=Sep # " 8",
  year=2004,
  url="http://jcots.state.va.us/2005%20Content/pdf/FBI-RCFL.pdf"
                  }

@misc{us_v_cdt,
  title="11860 US v.\ {Comprehensive Drug Testing, Inc.}",
  author={Opinion by Chief Judge Kozinski},
  year=2009,
  month=Aug,
  url="http://www.ca9.uscourts.gov/datastore/opinions/2009/08/26/05-10067eb.pdf"
}

@article{beyond-csi-effect,
 title="Before the Verdict and Beyond the Verdict: The CSI Infection Within Modern Criminal Jury Trials",
 author="Tamara F. Lawson",
 year=2009,
 url="http://www.luc.edu/law/activities/publications/lljdocs/vol41_no1/pdfs/lawson_verdict.pdf",
 volume=41,
 number=1,
 month=Nov,
 journal="Loyola University Chicago Law Journal"
}


@article{csi-effect,
  title="The `{CSI Effect}': Does It Really Exist?",
  author="Donald E. Shelton",
  journal="NIJ Journal",
  number=259,
  year=2008,
  month=Mar,
  url="http://www.ojp.usdoj.gov/nij/journals/259/csi-effect.htm"
}


@misc{fbi-rcfl,
  title="Annual Report for Fiscal Year 2008",
  author="Regional Computer Forensics Laboratory",
  publisher="Federal Bureau of Investigation, US Department of Justice",
  year=2008
}

@inproceedings{1281155,
 author = {Duan, Yitao and Canny, John},
 title = {Practical private computation of vector addition-based functions},
 booktitle = {PODC '07: Proceedings of the twenty-sixth annual ACM symposium on Principles of distributed computing},
 year = {2007},
 isbn = {978-1-59593-616-5},
 pages = {326--327},
 location = {Portland, Oregon, USA},
 doi = {http://doi.acm.org/10.1145/1281100.1281155},
 publisher = {ACM},
 address = {New York, NY, USA},
 }

@article{42412,
 author = "Clifford Stoll",
 title = {Stalking the wily hacker},
 journal = {Commun. ACM},
 volume = {31},
 number = {5},
 year = {1988},
 issn = {0001-0782},
 pages = {484--497},
 doi = {http://doi.acm.org/10.1145/42411.42412},
 publisher = {ACM},
 address = {New York, NY, USA},
 }

@book{cuckoos-egg,
  title="The Cuckoo's Egg: Tracking a Spy Through the Maze of Computer Espionage",
  author="Clifford Stoll",
  year=1990,
  publisher="Random House"
}

@misc{calea,
  title="Communications Assistance for Law Enforcement Act (CALEA)",
  url="http://www.fcc.gov/calea/",
  author={Federal Communiations Comission},
  year=1994
}

@misc{cdesf,
  title={{{DFRWS}} {CDESF} Working Group},
  url="http://www.dfrws.org/CDESF/index.shtml",
  year=2007,
  author={{Common Digital Evidence Storage Format Working Group}}
}

@misc{roussev-dfrws-2006,
  title="Personal Communication",
  author="Vassil Rosusev",
  year=2006,
  note="Group Discussion at {DFRWS} 2006"
}

@article{bakker1993prefix,
 title={{Prefix routing schemes in dynamic networks}},
 author={Bakker, E.M. and Leeuwen, J. and Tan, R.B.},
 journal={Computer Networks and ISDN Systems},
 volume={26},
 number={4},
 pages={403--421},
 year={1993},
 publisher={Citeseer}
}

@misc{adroit,
 title="Adroit Photo Forensics 2011",
 author={{Digital Assembly}},
 url="http://digital-assembly.com/",
 note="Last accessed Dec. 3, 2011",                  
 year=2011
}

@misc{defraser,
 title="{NFI} Defraser",
 url="http://sourceforge.net/projects/defraser/",
 year=2011,
 note="Last accessed Dec. 3, 2011",                  
 author="Ewald Snel"
}

@article{ssdeep,
 title="Identifying almost identical files using context triggered piecewise hashing",
  author="Jesse Kornblum",
 year=2006,
 journal="Digital Investigation",
 volume="3S",
 page="S91--S97"
}

@inproceedings{ayers:09,
  title="A Second Generation Computer Forensic Analysis System",
  author="Daniel Ayers",
   booktitle="Proceedings of the 2009 Digital Forensics Research Workshop",
   publisher="{DFRWS}",
   year=2009,
   month=Aug,
   location="Montreal, CA"
}
 
@inproceedings{turner:deb,
   title="Unification of Digital Evidence from Disparate Sources (Digital Evidence Bags)",
   author="Philip Turner",
   booktitle="Proceedings of the 2005 Digital Forensics Research Workshop",
   publisher="Elsevier",
   year=2005,
   month=Aug,
   location="New Orleans, LA",
  address="London, England"
}
 
@misc{tcpflow,
 title="tcpflow",
  url="http://www.afflib.org",
 author="Jeremy Elson and Simson Garfinkel",
 year=2011
}
                  

@inproceedings{Fu:2001:DDC:1251327.1251346,
 author = {Fu, Kevin and Sit, Emil and Smith, Kendra and Feamster, Nick},
 title = {Dos and don'ts of client authentication on the web},
 booktitle = {Proceedings of the 10th conference on USENIX Security Symposium - Volume 10},
 series = {SSYM'01},
 year = {2001},
 location = {Washington, D.C.},
 pages = {19--19},
 numpages = {1},
 url = {http://portal.acm.org/citation.cfm?id=1251327.1251346},
 acmid = {1251346},
 publisher = {USENIX Association},
 address = {Berkeley, CA, USA},
} 


@inproceedings{Doupe:2010:WJC:1884848.1884858,
 author = {Doup\'{e}, Adam and Cova, Marco and Vigna, Giovanni},
 title = {Why Johnny can't pentest: an analysis of black-box web vulnerability scanners},
 booktitle = {Proceedings of the 7th international conference on Detection of intrusions and malware, and vulnerability assessment},
 series = {DIMVA'10},
 year = {2010},
 isbn = {3-642-14214-1, 978-3-642-14214-7},
 location = {Bonn, Germany},
 pages = {111--131},
 numpages = {21},
 url = {http://portal.acm.org/citation.cfm?id=1884848.1884858},
 acmid = {1884858},
 publisher = {Springer-Verlag},
 address = {Berlin, Heidelberg},
} 

@inproceedings{Eckersley:2010:UYW:1881151.1881152,
 author = {Eckersley, Peter},
 title = {How unique is your web browser?},
 booktitle = {Proceedings of the 10th international conference on Privacy enhancing technologies},
 series = {PETS'10},
 year = {2010},
 isbn = {3-642-14526-4, 978-3-642-14526-1},
 location = {Berlin, Germany},
 pages = {1--18},
 numpages = {18},
 url = {http://portal.acm.org/citation.cfm?id=1881151.1881152},
 acmid = {1881152},
 publisher = {Springer-Verlag},
 address = {Berlin, Heidelberg},
} 

@inproceedings{wang:street-level,
 author="Yong Wang and Daniel Burgener and Marcel Flores and Aleksandar Kuzmanovic and Cheng Huang",
 publiser="Usenix",
 year=2011,
 booktitle = "proceedings of NDS11",
 title="Towards Street-Level Client-Independent IP Geolocation"
}

@inproceedings{Consolvo:2010:WPT:1864349.1864398,
 author = {Consolvo, Sunny and Jung, Jaeyeon and Greenstein, Ben and Powledge, Pauline and Maganis, Gabriel and Avrahami, Daniel},
 title = {The Wi-Fi privacy ticker: improving awareness \&\#38; control of personal information exposure on Wi-Fi},
 booktitle = {Proceedings of the 12th ACM international conference on Ubiquitous computing},
 series = {Ubicomp '10},
 year = {2010},
 isbn = {978-1-60558-843-8},
 location = {Copenhagen, Denmark},
 pages = {321--330},
 numpages = {10},
 url = {http://doi.acm.org/10.1145/1864349.1864398},
 doi = {http://doi.acm.org/10.1145/1864349.1864398},
 acmid = {1864398},
 publisher = {ACM},
 address = {New York, NY, USA},
 keywords = {awareness, control, data exposure, data leaks, peripheral displays, privacy, ticker, wi-fi, wireless network},
} 

@article{jcp0401003010,
 title="Collecting Sensitive Information from Windows Physical Memory",
 author="Qian Zhao and Tianjie Cao",
 year=2009,
 month=Jan,
 volume=4,
 number=1,
 journal="Journal of Computers",
 publisher="Academy Publisher"
}

@article{jiawei2001data,
  title={Data mining: concepts and techniques},
  author={Jiawei, H. and Kamber, M.},
  journal={San Francisco, CA, itd: Morgan Kaufmann},
  volume={5},
  year={2001}
}



@article{han01,
  title={Data mining: concepts and techniques},
  author={Jiawei, H. and Kamber, M.},
  journal={San Francisco, CA, itd: Morgan Kaufmann},
  volume={5},
  year={2001}
}

@article{zhong2005,
  title={Generative model-based document clustering: a comparative study},
  author={Zhong, S. and Ghosh, J.},
  journal={Knowledge and Information Systems},
  volume={8},
  number={3},
  pages={374--384},
  year={2005},
  publisher={Springer}
}

@inproceedings{zhao2005,
  title={Topic-driven clustering for document datasets},
  author={Zhao, Y. and Karypis, G.},
  booktitle={SIAM International Conference on Data Mining},
  pages={358--369},
  year={2005}
}

@article{lin2005,
  title={Combining partitional and hierarchical algorithms for robust and efficient data clustering with cohesion self-merging},
  author={Lin, C.R. and Chen, M.S.},
  journal={{IEEE} Transactions on Knowledge and Data Engineering},
  pages={145--159},
  year={2005},
  publisher={{IEEE} Computer Society}
}

@article{guha2000,
  title={Rock: A robust clustering algorithm for categorical attributes* 1},
  author={Guha, S. and Rastogi, R. and Shim, K.},
  journal={Information Systems},
  volume={25},
  number={5},
  pages={345--366},
  year={2000},
  publisher={Elsevier}
}

@article{hinneburg2003,
  title={A general approach to clustering in large databases with noise},
  author={Hinneburg, A. and Keim, D.A.},
  journal={Knowledge and Information Systems},
  volume={5},
  number={4},
  pages={387--415},
  year={2003},
  publisher={Springer}
}

@article{roy1997,
  title={A neural-network learning theory and a polynomial time RBF algorithm},
  author={Roy, A. and Govil, S. and Miranda, R.},
  journal={Neural Networks, {IEEE} Transactions on},
  volume={8},
  number={6},
  pages={1301--1313},
  year={1997},
  publisher={{IEEE}}
}

@inproceedings{koikkalainen1990self,
  title={Self-organizing hierarchical feature maps},
  author={Koikkalainen, P. and Oja, E.},
  booktitle={Neural Networks, 1990., 1990 IJCNN International Joint Conference on},
  pages={279--284},
  year={1990},
  organization={{IEEE}}
}

@article{kohonen1990self,
  title={The self-organizing map},
  author={Kohonen, T.},
  journal={Proceedings of the {IEEE}},
  volume={78},
  number={9},
  pages={1464--1480},
  year={1990},
  publisher={{IEEE}}
}

@inproceedings{dfrws:2002:lyle,
 url="http://www.dfrws.org/2002/papers/Papers/James_Lyle.pdf",
 year=2002,
 author="James Lyle",
 booktitle="DFRWS 2002 Program and Proceedings",
 title="{NIST CFTT} Testing Disk Imaging Tools"
}

@misc{lazarus,
 title="Lazarus",                   
 author="Dan Farmer",
 year=1999
}

@inproceedings{covert-dns,
  author="Saikat Guha and Paul Francis",
  booktitle="Privacy Enhancing Technologies",
  pages="153--166",
  doi="10.1007/978-3-540-75551-7_10",
  publisher="Springer",
  url="http://www.cs.cornell.edu/people/francis/pet07-idtrail-cameraready.pdf",
  year=2007,
}

@inproceedings{rogers-triage,
 title="Computer Forensics Field Triage Process Model",
 author="Marcus K. Rogers and James Goldman and Rick Mislan and Timothy Wedge",
 booktitle="Conference on Digital Forensics, Security and Law",
 year=2006
}                  
 
@misc{adf-triage,
 title="Computer Forensics Case Assessment and Triage",
 year=2009,
 publisher="ADF Solutions",
 author="Harry Parsonage"
}

@book{pearson-triage,
 title="Digital Triage Forensics: Processing the Digital Crime Scene",
 author="Stephen Pearson and Richard Watson",
 year=2010,
 publisher="Syngress"
}

@inproceedings{walls-dec0de,
 title="Forensic Triage for Mobile Phones with DEC0DE",
 author="Robert J. Walls and Erik Learned-Miller and Brian Neil Levine                  ",
 year=2011,
  booktitle="Proceedings of the 20th USENIX Security Symposium",                   
 publisher="USENIX",
 url="http://www.cs.umass.edu/~elm/papers/walls11.pdf"
}

@inproceedings{roussev:dfrws2011:sdeval,
 title="An Evaluation of Forensic Similarity Hashes"                  ,
 author="Vassil Roussev",
 inproceedings="Digital Investigation",
 volume=8,
 pages="S34--S41",
 url="http://www.dfrws.org/2011/proceedings/09-341.pdf",
 publisher="Elsevier",
 year=2011
}
                  
@inbook{roussev:fingerprint-sdhash,
 title="Data Fingerprinting with Similarity Digests",
 booktitle="Research Advances in Digital Forensics VI",
 author="Vassil Roussev",
 editors="K. Chow and S. Shenol",
 pages="207--225",
 publisher="Springer",
 year=2010
} 
                  

@misc{jlibewf,
 author="Bruce Allen",
 year=2011,
 month=Jan,
 url="http://sourceforge.net/projects/libewf/files/jlibewf"
}

@techreport{libewfcs,
 author="Bruce Allen",
 year=2011,
 title="Implementation of libewfcs",
 institution="Naval Postgraduate School",
 address="Monterey, CA",
 number="NPS-CS-11-007"
}                  

@misc{msa-961509,
 key="Microsoft",                   
 title="Microsoft Security Advisory (961509) Research proves feasibility of collision attacks against {MD5}",
 publisher="Microsoft",
 url="http://www.microsoft.com/technet/security/advisory/961509.mspx",
 year=2008,
 month=Dec # " 30"
}

@article{scalpel-gpu,
 title="Massive threading: Using GPUs to increase the performance of digital forensics tools",
 author="Lodovico Marziale and Golden G. Richard  and Vassil Roussev",
 year=2007,
 url="http://www.dfrws.org/2007/proceedings/p73-marziale.pdf",
 journal={Digital Investigation},
 volume="4S",
 pages="S73--S81"
}

@article{urias-raid,
author="Vincent Urias and Curtis Hash and Lorie M. Liebrock",                   
 title="Consideration of Issues for Parallel Digital Forensics of RAID Systems",
 year=2008,
 pages="196--208",
 volume=2,
 issue=4,
 journal="Journal of Digital Forensic Practice",
 publisher="Taylor \& Francis"
}                  


@mastersthesis{thomassen2008,
 title="Forensic Analysis Of Unallocated Space In Windows Registry Hive Files",
 year=2008,
 month=Apr # " 11",
 school="University of Liverpool",
 author="Jolanta Thomassen"
}

@misc{morgan2009,
 title="The {Windows NT}â Registry File Format Version 0.4",
 author="Timothy D. Morgan",
 year=2009,
 month=Jun # " 9",
 url="http://sentinelchicken.com/data/TheWindowsNTRegistryFileFormat.pdf"
}                  

@inproceedings{Tang:2009:CWR:1726588.1727418,
 author = {Tang, Zhenhua and Ding, Hong and Xu, Ming and Xu, Jian},
 title = {Carving the Windows Registry Files Based on the Internal Structure},
 booktitle = {Proceedings of the 2009 First {IEEE} International Conference on Information Science and Engineering},
 series = {ICISE '09},
 year = {2009},
 isbn = {978-0-7695-3887-7},
 pages = {4788--4791},
 numpages = {4},
 url = {http://dx.doi.org/10.1109/ICISE.2009.379},
 acmid = {1727418},
 publisher = {IEEE Computer Society},
 address = {Washington, DC, USA},
} 


@misc{regedit,
  title="Using Regedit.exe",
  author={Microsoft Corporation},
  url="http://msdn.microsoft.com",
  year=2011
}

@misc{RegRipper,
 title="RegRipper",
 author="Cameron Howell",
 year=2009,
 url="http://regripper.wordpress.com/"
}                  

@book{EnScript,
 title="EnScript Programs Version 6.3 User Manual",
 year=2007,
 author={{Guidance Software}}, 
 publisher="Guidance Software, Inc.",
 pages="183",
 address="Pasadena, CA"
}                  

@book{farmer-venema2005,
  title={Forensic Discovery},
  year=2005,
  publisher={Addison-Wesley Professional},
  author="Dan Farmer and Wietse Venema",
  address="New York, NY"
}


@Book{ISO:2000:IDE,
  author =       {{ISO}},
  title =        "{ISO 8601:2000. Data elements and interchange formats
                 --- Information interchange --- Representation of dates
                 and times}",
  publisher =    "International Standards organization",
  address =      "Geneva, Switzerland",
  pages =        "29",
  year =         "2000",
  ISBN =         "????",
  ISBN-13 =      "????",
  LCCN =         "????",
  bibdate =      "Fri Feb 14 14:32:35 2003",
  price =        "CHF 108",
  URL =          "http://www.iso.ch/cate/d26780.html",
  acknowledgement = "ack-nhfb",
}
                  

@Book{ISO:14721:2003,
  author = {{ISO}},                   
  title="{ISO} 14721:2003, Space data and information transfer systems -- Open archival information system -- Reference model",
  publisher="International Standards Organization",
  year=2003,
  address =      "Geneva, Switzerland",
}

@inproceedings{coburn-ssd-sanitization,
 title="Reliably Erasing Data from Flash-Based Solid State Drives",
 author="Michael Wei and Laura M. Grupp and Frederick E. Spada and Steven Swanson",
 booktitle="9th USENIX Conference on File and Storage Technologies",
  year=2011
}

@misc{2010-nps-emails,
 title="2010-nps-emails",
 author="Simson L. Garfinkel",
 year=2010,
 url="http://digitalcorpora.org/corp/drives/nps/"
}                  

@phdthesis{Willassen,
  title="Methods for Enhancement of Timestamp Evidence in Digital Investigations",
  author="Svein Yngvar Willassen",
  year=2008,
  institution="Norwegian University of Science and Technology",
  url="http://ntnu.diva-portal.org/smash/record.jsf?pid=diva2:124235"
}                  

@misc{encasecert,
	Author = {{Guidance Software, Inc.}},
	Title = {{EnCE Certification Program}},
	Url = {http://www.guidancesoftware.com/training/EnCE_certification.aspx},
	Year = 2008,
	Bdsk-Url-1 = {http://www.guidancesoftware.com/training/EnCE_certification.aspx}}

@misc{honeynet-challenge,
	Author = {The Honeynet Project},
	Month = jan # { 15},
	Url = {http://old.honeynet.org/challenge/},
	Year = 2001,
	Bdsk-Url-1 = {http://old.honeynet.org/challenge/}}

@inproceedings{1379250,
	Address = {Darlinghurst, Australia, Australia},
	Author = {Derek Bem and Ewa Huebner},
	Booktitle = {ACE '08: Proceedings of the tenth conference on Australasian computing education},
	Isbn = {978-1-920682-59-0},
	Location = {Wollongong, NSW, Australia},
	Pages = {29--33},
	Publisher = {Australian Computer Society, Inc.},
	Title = {Computer forensics workshop for undergraduate students},
	Year = {2008}}

@article{1127360,
	Author = {Guillermo A Francia, III},
	Issn = {1937-4771},
	Journal = {J. Comput. Small Coll.},
	Number = {5},
	Pages = {38--44},
	Publisher = {Consortium for Computing Sciences in Colleges},
	Title = {Digital forensics laboratory projects},
	Volume = {21},
	Year = {2006}}
@inproceedings{1029547,
	Address = {New York, NY, USA},
	Author = {Luther Troell and Yin Pan and Bill Stackpole},
	Booktitle = {CITC5 '04: Proceedings of the 5th conference on Information technology education},
	Isbn = {1-58113-936-5},
	Location = {Salt Lake City, UT, USA},
	Pages = {50--55},
	Publisher = {ACM},
	Title = {Forensic course development: one year later},
	Year = {2004},
	Bdsk-Url-1 = {http://doi.acm.org/10.1145/1029533.1029547}
}


@misc{nij:model,
 title="Electronic Crime Scene Investigation: A Guide for First Responders",
 year=2001,
 month=jul,
}

@article{carrier:physical,
 author="Brian Carrier and Eugene H. Spafford",
 title="Getting Physical with the Digital Investigation Process",
 year=2003,
 month="Fall",
 volume=2,
 issue=2,
 url="https://www.cerias.purdue.edu/assets/pdf/bibtex_archive/2003-29.pdf"
}

@INPROCEEDINGS{pollitt:models,
author={Pollitt, Mark M.}, 
booktitle={Systematic Approaches to Digital Forensic Engineering, 2007. SADFE 2007. Second International Workshop on}, title={An Ad Hoc Review of Digital Forensic Models}, 
year={2007}, 
month={april}, 
volume={}, 
number={}, 
pages={43-54}, 
keywords={digital forensic models;forensic science;computer crime;}, 
doi={10.1109/SADFE.2007.3}, 
ISSN={},}                  

 
@inproceedings{bradford:proactive,
 title="Towards Proactive Computer-System Forensics",
 author="Phillip G. Bradford and Marcus Brown and Josh Perdue and Bonnie Self",
 year=2004,
 booktitle="Proceedings of the International Conference on Information Technology: Coding and Computing (ITCCâ04)"
}

@inproceedings{hoss:ontologies,
 title="Weaving ontologies to support digital forensic analysis",
  year=2009,
 booktitle="{IEEE} International Conference on Intelligence and Security Informatics (ISI '09)",
 author="D. L. Carver and A. M. Hoss"
}

@inproceedings{turnbull:anatomy,
  title="The Anatomy of Electronic Evidence â Quantitative Analysis of Police E-Crime Data",
  booktitle="International Conference on Availability, Reliability and Security, (ARES '09)",
  year=2009,
  month=Mar # " 16-19",
  pages="143--149",
  address="Fukuoka",
  author="Benjamin Turnbull and Robert Taylor and Barry Blundell"
}
  
@inproceedings{cerezo:cooperation,
 title="International Cooperation to Fight Transnational Cybercrime",
 year=2007,
 month=Aug # " 27--28",
 pages="13--27",
  author="Ana I. Cerezo and Javier Lopez and Ahmed Patel",
 booktitle="Second International Workshop on Digital Forensics and Incident Analysis (WDFIA 2007)"
}

@article{1113074,
 author = {Richard,III, Golden G. and Roussev, Vassil},
 title = {Next-generation digital forensics},
 journal = {Commun. ACM},
 volume = {49},
 number = {2},
 year = {2006},
 issn = {0001-0782},
 pages = {76--80},
 publisher = {ACM},
 address = {New York, NY, USA},
 }

@inproceedings{nance:agenda,
 title="Digital Forensics: Defining a Research Agenda",
 author="Kara Nance and Brian Hay and Matt Bishop",
 year=2009,
 booktitle={Proceedings of the 42nd Hawaii International Confernece on System Sciences},
}

@inproceedings{1267305,
 author = {McCanne, Steven and Jacobson, Van},
 title = {The BSD packet filter: a new architecture for user-level packet capture},
 booktitle = {Proceedings of the USENIX Winter 1993 Conference},
 year = {1993},
 pages = {2--2},
 location = {San Diego, California},
 publisher = {USENIX Association},
 address = {Berkeley, CA, USA},
 }                  

@article{1562190,
 author = {Kanich, Chris and Kreibich, Christian and Levchenko, Kirill and Enright, Brandon and Voelker, Geoffrey M. and Paxson, Vern and Savage, Stefan},
 title = {Spamalytics: an empirical analysis of spam marketing conversion},
 journal = {Commun. ACM},
 volume = {52},
 number = {9},
 year = {2009},
 issn = {0001-0782},
 pages = {99--107},
 publisher = {ACM},
 address = {New York, NY, USA},
 }                  

@article{1368519,
 author = {Casey, Eoghan and Stellatos, Gerasimos J.},
 title = {The impact of full disk encryption on digital forensics},
 journal = {SIGOPS Oper. Syst. Rev.},
 volume = {42},
 number = {3},
 year = {2008},
 issn = {0163-5980},
 pages = {93--98},
 publisher = {ACM},
 address = {New York, NY, USA},
 }                  

@mastersthesis{regan:2009,
  title="The Forensic Potential of Flash Memory",
  author="James E. Regan",
  school="Naval Postgraduate School",
  address="Monterey, CA",
  date=Sep,
  year=2009,
  pages=86,
  url="http://handle.dtic.mil/100.2/ADA509258"
}                  

@article{dandass2008,
  title="An Empirical Analysis of Disk Sector Hashes for Data Carving",
  year=2008,
  volume=2,
  pages="95--104",
  author="Yoginder Singh Dandass and Nathan Joseph Necaise and Sherry Reede Thomas",
  journal="Journal of Digital Forensic Practice", 
  publisher="Taylor and Francis"
}


@misc{ccleaner,
  title="CCleaner",
  url="http://www.ccleaner.com/",
  year=2009,
  author="Piriform Ltd."
}

@misc{20070116267,
  title="{US} Patent Application 20070116267, Methods for categorizing
                  input data",
  year=2007,
  month=May,
  author="William R. Speirs II and Eric B. Cole",
  nationality="United States",
  number="US 2007/0116267 A1",
  type="Patent Application"
}
  
@misc{luhn-algorithm,
 title="{US} Patent 2,950,048, Computer for Verifying Numbers",
 author="Hans P. Luhn",
 month=Aug # " 23",
 year=1960
}

@article{brief-study-of-time,
  title="A brief study of time",
  author="Florian Buchholz and Brett Tjaden",
  year=2007,
  journal="Digital Investigation",
  volume="4",
  issue="S",
  pages="S31--S42"
}
                  

@misc{office97-unique1,
  title="Office 97 Unique Identifier Patch",
  author="Microsoft Corporation",
  year=1999,
  month=Mar,
}

@misc{office97-unique2,
  title="Office 97 Unique Removal Tool",
  author="Microsoft Corporation",
  year=1999,
  month=Mar,
}

@inproceedings{word-data-hiding,
  title="A Tool for the Detection of Hidden Data in Microsoft Compound Document File Format",
  author="Hyukdon Kwon and  Yeog Kim and  Sangjin Lee and   Jongin Lim",
  year=2008,
  pages="141--146",
  location="Seoul",
  booktitle="International Conference on Information Science and Security, 2008. ICISS."
}

                  

@misc{sha1,
  author={Computer Systems Laboratory, National Institute of Standards and Technology},
  publisher={U.S. Department Of Commerce},
  title="{FIPS-180} Secure Hash Standard",
  note="Also known as: 58 Fed Reg 27712 (1993)",
  year=1993
}
  

@misc{dcfldd,
  author="Nicholas Harbour",
  title="dcfldd",
  year=2006,
  url="http://dcfldd.sf.net"
}

@phdthesis{carrier:2006,
  author="Brian Carrier",
  title="A Hypothesis-Based Approach to Digital Forensic Investigations",
  year=2006,
  school="Purdue University"
}

@misc{sleuthkit,
  title="{The Sleuth Kit and Autopsy}: Forensics tools for {L}inux and other {U}nixes",
  author="Brian Carrier",
  year=2012,
  url="http://www.sleuthkit.org/"
}

@misc{sleuthkit32,
 title="SleuthKit 3.2.0",
 author="Brian Carrier",
 year=2010,
 month=Oct # " 28",
 url="http://www.sleuthkit.org/sleuthkit/"
}

@book{carrier-file-systems,
   author="Brian Carrier",
   title="File System Forensic Analysis",
   publisher="Pearson Education",
   year=2005,
   month=Mar
}

@inproceedings{kantor-quest,
  title="The Information Quest: A Dynamic Model of User's Information Needs",
  year=1999,
  author="Paul B. Kantor and Endre Boros and Benjamin Melamed and Vladimir Menkov",
  volume=36,
  booktitle="Proceedings of the ASIS Annual Meeting",
  pages="536--45"
}

@article{kantor-decision,
  title="A decision theoretic approach to combining information filters: An analytical and empirical evaluation",
  year=2005,
  month=Dec,
  pages="306--320",
  volume=57,
  issue=3,
  journal="Journal of the American Society for Information Science and Technology",
author="Yuval Elovici and Bracha Shapira and Paul B. Kantor"
}

@misc{lagadec06,
  title="OpenOffice/OpenDocument and MS Office 2007 / Open {XML} security",
  author="Philippe Lagadec",
  organization="DGA/CELAR",
  year=2006,
  month=Nov # " 30"
}

@Article{advantage-disadvantage,
  author = 	 {A. Castiglione and A. De Santis and C. Soriente},
  title = 	 {Taking advantages of a disadvantage: Digital forensics and steganography using document metadata},
  journal = 	 {Journal of Systems and Software},
  year = 	 {2007},
  OPTkey = 	 {},
  OPTvolume = 	 {80},
  OPTnumber = 	 {5},
  OPTpages = 	 {750--764},
  OPTmonth = 	 {},
  OPTnote = 	 {},
  OPTannote = 	 {}
}

@misc{phonesweep,
  title="Phonesweep 3.0",
  author={Sandstorm Enterprises},
  url="http://www.phonesweep.com",
  year=2007,
}

@misc{netintercept,
  author={Sandstorm Enterprises},
  url="http://www.netintercept.com",
  year=2007,
  title="NetIntercept 4.0"
}

@inproceedings{k-means,
  author={J. B. MacQueen},
  year=1967,
  title="Some Methods for classification and Analysis of Multivariate Observations",
  booktitle="Proceedings of 5-th Berkeley Symposium on Mathematical Statistics and Probability",
  location="Berkeley",
  publisher="University of California Press",
  volume=1,
  pages="281--297"
}

@article{c-means,
  author={J. C. Dunn},
  year=1973,
  title="A Fuzzy Relative of the ISODATA Process and Its Use in Detecting Compact Well-Separated Clusters",
  journal="Journal of Cybernetics",
  volume=3,
  pages="32--57"
}

@inproceedings{scalpel,
   title="Scalpel: A Frugal, High Performance File Carver",
   author="{Golden G.} {Richard III} and  V. Roussev",
   booktitle="Proceedings of the 2005 Digital Forensics Research Workshop",
   publisher="{DFRWS}",
  address="New York",
   year=2005,
   month=Aug,
   location="New Orleans, LA"
}

@article{mrsh,
  author    = {Vassil Roussev and
               Golden G. Richard III and
               Lodovico Marziale},
  title="Multi-Resolution Similarity Hashing",

  journal   = {Digital Investigation},
  volume    = {4},
  number    = {Supplement-1},
  year      = {2007},
  pages     = {105-113},
  ee        = {http://dx.doi.org/10.1016/j.diin.2007.06.011},
  bibsource = {DBLP, http://dblp.uni-trier.de}
}

@article{reiserfs,
 author = {Chris Mason},
 title = {Journaling with ReisersFS},
 journal = {Linux J.},
 volume = {2001},
 number = {82es},
 year = {2001},
 issn = {1075-3583},
 pages = {3},
 publisher = {Specialized Systems Consultants, Inc.},
 address = {Seattle, WA, USA},
 }

@mastersthesis{mikus,
  author="Nicholas Mikus",
  month=Mar,
  year=2005,
  title="An Analysis Of Disc Carving Techniques",
  school="Naval Postgraduate School"
}

@misc{fre,
  title="{Federal Rules of Evidence}",
  author={US~Congress},
  year=2004,
  url="http://www.law.cornell.edu/rules/fre/"
}

@article{306569,
 author = {Terrance Goan},
 title = {A cop on the beat: collecting and appraising intrusion evidence},
 journal = {Commun. ACM},
 volume = {42},
 number = {7},
 year = {1999},
 issn = {0001-0782},
 pages = {46--52},
 publisher = {ACM Press},
 address = {New York, NY, USA},
 }

@misc{QuIDScor,
  author="Qualys",
  year=2003,
  month=Oct,
  title="Qualys {IDS} Correlation Daemon",
  url="http://quidscor.sourceforge.net/"
}

@inproceedings{valdes:probabilistic,
  title="Probabilistic Alert Correlation",
  author="Alfonso Valdes and Keith Skinner",
  booktitle="Proceedings of the 4th International Symposium on Recent Advances in Intrusion Detection (RAID)",
  year=2001,
  publisher="Lecture Notes in Computer Science",
  volume=2212,
}

  
@inproceedings{586144,
 author = {Peng Ning and Yun Cui and Douglas S. Reeves},
 title = {Constructing attack scenarios through correlation of intrusion alerts},
 booktitle = {CCS '02: Proceedings of the 9th ACM conference on Computer and communications security},
 year = {2002},
 isbn = {1-58113-612-9},
 pages = {245--254},
 location = {Washington, DC, USA},
 publisher = {ACM Press},
 address = {New York, NY, USA},
 }

@article{scalable-exploitation,
 title="Scalable Exploitation of, and Responses to Information Leakage Through Hidden Data in Published Documents",
  author="Simon Byers",
  year=2003,
  month=Apr,
  abstract="In considering the leakage of information through hidden text mechanisms in commonly 
used information interchange formats we demonstrate how to automate and scale the search for 
hidden data in Word documents. The combination of this scaling with typical behaviour patterns 
of Word users and the default settings of the Word program leads to an uncomfortable state of 
aï¬airs for Word users concerned about information security. We discuss some countermeasures 
employable by users and note more general consequences of these eï¬ects."
}

@book{ferraro-casey,
  title="Investigating Child Exploitation and Pornography : The Internet, Law and Forensic Science",
  author="Monique Ferraro and Eoghan Casey", 
  year="2004",
  publisher="Academic Press"
}


@book{afis1987,
  title="Automated Fingerprint Identification Systems: Technology and Policy Issues",
  year=1987,
  author="{U.S. Department of Justice, Bureau of Justice Statistics}",
  address="Rockville, MD",
  publisher="Justice Statistics Clearinghouse/NCJRS"
}

@misc{rosette,
  title="Rosette Linguistics Platform",
  author="Basis Technology",
  year=2006,
  url="http://www.basistech.com/products/"
}
  
@article{edelson,
  title="The Discrete Correlation Function: A New Method for Analyzing Enevenly Sampled Variable Data",
  author="{R. A.} Edelson and {J. H.} Krolik",
  journal="The Astrophiscs Journal",
  volume=333,
  pages="646--659",
  year=1988,
  month=15 # Oct
}


@misc{simple-hash,
  author="Josh Goldfoot",
  title="The Computer Language Shootout",
  year=2006,
  url="http://shootout.alioth.debian.org/"
}


@misc{aldrich-ames,
 title="An Assessment of the Aldrich H. Ames Espionage Case and Its Implications for U.S. Intelligence",
 author="Senate Select Committee on Intelligence",
 year=1994,
 month=Nov,
 url="http://www.fas.org/irp/congress/1994_rpt/ssci_ames.htm"
}

@misc{robert-hanssen,
 title="A Review of the FBI's Performance in Deterring, Detecting, and 
Investigating the Espionage Activities of Robert Philip Hanssen",
 author="Office of the Inspector General",
 year=2003,
 month=Aug,
 url="http://www.fas.org/irp/agency/doj/oig/hanssen.html"
}

@article{bradley-manning,
  title="Soldier Faces 22 New WikiLeaks Charges",
  year=2011,
  month=Mar,
 author="Charlie Savage",
 journal="The New York Times"
}

@article{dod-child-porn,
 title="Reports Detail Pornography Investigation",
 year=2010,
 month=Jul,
 url="http://www.nytimes.com/2010/07/25/us/25porn.html",
 author={{The Associated Press}},
 journal={{The New York Times}}
}

@inproceedings{Kim:1994:DIT:191177.191183,
 author = {Kim, Gene H. and Spafford, Eugene H.},
 title = {The design and implementation of {Tripwire}: a file system integrity checker},
 booktitle = {Proceedings of the 2nd ACM Conference on Computer and communications security},
 series = {CCS '94},
 year = {1994},
 isbn = {0-89791-732-4},
 location = {Fairfax, Virginia, United States},
 pages = {18--29},
 numpages = {12},
 url = {http://doi.acm.org/10.1145/191177.191183},
 doi = {http://doi.acm.org/10.1145/191177.191183},
 acmid = {191183},
 publisher = {ACM},
 address = {New York, NY, USA},
} 

@article{diff-algorithm-1986,
 author="E. Myers",
 year=1986,
 title="An {O(ND)} Difference Algorithm and Its Variations",
 journal="Algorithmica",
 volume=1,
 issue=2,
 pages="251-â266",
 doi="10.1007/BF01840446"
}

@techreport{rsync,
  number="TR-CS-96-05",
 institution="ANU Computer Science Technical Reports",
 author="Andrew Tridgell and Paul Mackerras",
 title="The rsync algorithm", 
year=1996,
 month=Jun
}

@inproceedings{hibshi2011usability,
  title={Usability of Forensics Tools: A User Study},
  author={Hibshi, H. and Vidas, T. and Cranor, L.},
  booktitle={IT Security Incident Management and IT Forensics (IMF), 2011 Sixth International Conference on},
  pages={81--91},
  year={2011},
  organization={IEEE}
}

@INPROCEEDINGS{5931110, 
author={Baier, H. and Breitinger, F.}, 
booktitle={IT Security Incident Management and IT Forensics (IMF), 2011 Sixth International Conference on}, 
title={Security Aspects of Piecewise Hashing in Computer Forensics}, 
year={2011}, 
month={may}, 
volume={}, 
number={}, 
pages={21 -36}, 
keywords={MD5 hash function;SHA-1 hash function;computer forensics;cryptographic hash function;piecewise hashing security aspect;pseudorandom number generator;security analysis;computer forensics;cryptography;random number generation;}, 
doi={10.1109/IMF.2011.16}, 
ISSN={},}

@inproceedings{teaching-secure-coding,
 title="Cultivating the ability of security coding for undergraduates in programming teaching",
 booktitle="4th International Conference on Computer Science \& Education",
 year=2009,
 author="Chen Bo and Xu Da-wei and Gao Si-dan and Yu Ling",
 month=Jul # " 25--28",
 pages="1425--1430"
}

@article{Marks:2007:STE:1229637.1229666,
 author = {Marks, Donald G. and Stinson, Michael},
 title = {Security trumps efficiency: putting it into the curriculum},
 journal = {J. Comput. Small Coll.},
 issue_date = {April 2007},
 volume = {22},
 issue = {4},
 month = {April},
 year = {2007},
 issn = {1937-4771},
 pages = {162--169},
 numpages = {8},
 url = {http://dl.acm.org/citation.cfm?id=1229637.1229666},
 acmid = {1229666},
 publisher = {Consortium for Computing Sciences in Colleges},
 address = {USA}
} 

                  

@article{gao-validation,
 title="Validation and verification of computer forensic software tools---Searching Function",
 author="Yinghua Guo and Jill Slay Jason Beckett",
 year=2010,
 journal="Digital Investigation",
 volume=6,
 pages="S12--S22"
}

@inproceedings{suiche-hibernation,
 title="Windows Hibernation File for Fun 'n' Profit",
 author="Matthieu Suiche",
 year=2008,
 note="Last accessed Dec. 3, 2011",                  
 booktitle="Black Hat 2008"
}

@inproceedings{volatility,
 title="Volatools: Integrating Volatile Memory Forensics into the Digital Investigation Process",
 author="A. Walters and N. Petroni",
 booktitle="Black Hat DC 2007",
 month=Feb,
 year=2007,
 url="http://www.blackhat.com/presentations/bh-dc-07/Walters/Paper/bh-dc-07-Walters-WP.pdf", 
 pages="1--18"
}

@inproceedings{error-rate,
  title="If Error Rate is Such a Simple Concept, Why Don't {I} have One for My Forensic Tool Yet?",
  author="James Lyle",
  booktitle="Proceedings of the 10th annual {DFRWS} conference",
  year=2010,
  location="Portland, OR"
}

                  
@misc{strike,
  title="{STRIKE} ({System for TRIaging Key Evidence})",
  author="{I.D.E.A.L. Technology Corporation}",
  url="http://www.idealcorp.com/",
  year=2010
}

@inproceedings{collange2009,
  title="Using Graphics Processors for Parallelizing Hash-based Data Carving",
  author="Sylvain Collange and Marc Daumas and Yoginder S. Dandass and David Defour",
  booktitle="Proceedings of the 42nd Hawaii International Conference on System Sciences",
  year=2009,
 note="Last accessed Dec. 3, 2011",                  
  url="http://hal.archives-ouvertes.fr/docs/00/35/09/62/PDF/ColDanDauDef09.pdf"
}

@misc{HL75-I,
  author="{House of Lords and House of Commons Joint Committee on Human Rights}",
  title="Counter-Terrorism Policy and Human Rights: Terrorism Bill and related 
matters, Third Report of Session 2005-06, HL Paper 75-I, HC 561-i.",
   url="http://www.publications.parliament.uk/pa/jt200506/jtselect/jtrights/278/27802.htm",
   year=2005
}



@inproceedings{chow:simulation,
  title="Understanding Data Lifetime via Whole System Simulation",
  author="Jim Chow and Ben Pfaff and Tal Garfinkel and Kevin Christopher and Mendel Rosenblum",
  year=2004,
  booktitle="Proceedings of the 13th USENIX Security Symposium",
  pages="321--336",
  url="http://www.usenix.org/events/sec04/tech/chow.html",
  publisher="Usenix"
}

@misc{fact_act,
   title="The {Fair} and {Accurate Credit Transactions Act} of 2003",
   year=2003,
   note="Public Law 108-159, 117 {Stat.} 1952",
   key="US"
}


  
@misc{workshare, 
  title="Workshare Unveils The Workshare Protect
  Enterprise Suite to Cure Information Leakage without Crippling
  Business",
  year="2006",
  author="Workshare",
  url="http://www.workshare.com/company/news/pressreleases/prelease_54.aspx",
}  


@misc{foremost,
   title="Foremost(1)",
   author="Nick Mikus and Kris Kendall and Jesse Kornblum",
   year=2006,
   month=Jan,
   note="Last accessed Dec. 3, 2011",                  
   url="http://foremost.sourceforge.net/",
}
   
@misc{md5deep,
 title="md5deep and hashdeep---Latest version 4.1",
 url="http://md5deep.sourceforge.net/",
 author="Jesse Kornblum",
 year=2011,
 note="Last accessed Feb. 18, 2012",                  
 month=Jun # " 26"
}                  

@misc{mitre-maec,
 title="Malware Attribution Enumeration and Characterization (MAEC)",
 year=2011,
 month=Aug # " 04",
 publisher="{The MITRE Corporation}"
}

@Misc{norton,
  author = "Symantec",
  title =        "Norton SystemWorks 2003",
  URL=         "http://www.symantec.com/sabu/sysworks/basic/",
}

@Misc{encase-3.0,
  title =        "{EnCase} version 3.0 Manual Revision 3.18",
  author =       "Richard Keightley",
  year =         "2003",
  publisher =    "Guidance Software",
  url="http://www.guidancesoftware.com/"
}

@misc{encase,
  author= "{Guidance Software, Inc.}",
  title = "{EnCase Forensic}",
  year=2011,
 note="Last accessed Dec. 3, 2011",                  
  url = "http://www.guidancesoftware.com/forensic.htm"
}

@misc{ftkimager,
  url="http://accessdata.com/support/adownloads",
 title="FTK Imager",
  author="{Access Data}",
  year=2011
}                  

@misc{CarvFS,
  author="Rob Meijer",
  title="The Carve Path Zero-storage Library and filesystem",
  publisher="{KLPD (Dutch National Police Agency)}",
  url="http://ocfa.sourceforge.net/libcarvpath/",
  key="KLPD",
  year=2011,
}

@misc{OCFA,
  title="Open Computer Forensics Architecture",
  author={Dutch National Police Agency},
  year=2010,
  url="http://ocfa.sourceforge.net/"
}     

@misc{DFF,
  title="Digital Forensics Framework",
  author="Frederic Baguelin and Solal Jacob and Jeremy Mounier and Francois Percot",
  year=2010,            
  url="http://www.digital-forensic.org/"
}

@inproceedings{301480,
 author = {John R. Douceur and William J. Bolosky},
 title = {A large-scale study of file-system contents},
 booktitle = {SIGMETRICS '99: Proceedings of the 1999 ACM SIGMETRICS international conference on Measurement and modeling of computer systems},
 year = {1999},
 isbn = {1-58113-083-X},
 pages = {59--70},
 location = {Atlanta, Georgia, United States},
 publisher = {ACM Press},
 address = {New York, NY, USA},
 }

@book{sipser-book,
  title="Introductionto the Theory of Computation",
  author="Michael Sipser",
  year=1996, 
  publisher="PWS Publishing Co."
}

@inproceedings{enron-introducing,
   title="Introducing the Enron Corpus",
   author="Bryan Klimt and Yiming Yang",
   url="http://www.ceas.cc/papers-2004/168.pdf",
   year=2004,
   booktitle="Conference on Email and Anti-Spam (CEAS)",
   publisher="CEAS"
}

@misc{enron-dataset,
   title="Enron Email Dataset",
   author="William W. Cohen",
   institution="Carnegie Mellon University",
   year=2005,
   month=Apr
}
                  
@inproceedings{978595,
 author = {Brian D. Carrier and Blake Matheny},
 title = {Methods for Cluster-Based Incident Detection},
 booktitle = {IWIA '04: Proceedings of the Second {IEEE} International Information Assurance Workshop (IWIA'04)},
 year = {2004},
 isbn = {0-7695-2117-7},
 pages = {71},
 publisher = {IEEE Computer Society},
 address = {Washington, DC, USA},
 }



@book{hhs_irb,
    title="IRB Guidebook",
    url="http://www.hhs.gov/ohrp/irb/irb_guidebook.htm",
    author="{US Department of Health and Human Services}",
    year=2007
}
    
@misc{analysts_notebook,
  title="i2 Analyist's Notebook",
  author="i2 Ltd",
  address="Fulbourn, Cambridge, UK",
  year=2006,
  url="http://www.i2.co.uk/Products/Analysts_Notebook"
}

@misc{palantir,
  title="Palantir",
  url="http://www.palantir.com",
  author={{Palantir Technologies}},
  year=2012                  
}

@misc{daubert,
   title={Daubert v. {Merrell Dow Pharmaceuticals}},
   note="509 US 579",
   key="US",
   year=1993
}
@misc{s3-aws-home-page-money,
  title="Amazon Simple Storage Service (Amazon S3)",
  publisher="Amazon Web services",
  key="Amazon",
  year=2008,
  url="http://aws.amazon.com/s3",
  month=May
}


%%%%%%%%%%%%%%%%%%%%%%%%%%%%%%%%%%%%%%%%%%%%%%%%%%%%%%%%%%%%%%%%
%%%%%%%%%%%%%%%%%%%%%%%%%%%%%%%%%%%%%%%%%%%%%%%%%%%%%%%%%%%%%%%%
%%% BLOOM FILTERS                  

@inproceedings{dillinger,
  author="Peter C. Dillinger and Panagiotis Manolios",
  title="Bloom Filters in Probabilistic Verification",
  year=2004,
  booktitle="Formal Methods in Computer-Aided Design",
  publisher="Springer-Verlag",
  url="http://www.cc.gatech.edu/fac/Pete.Manolios/research/bloom-filters-verification.html"
}                  

@article{362692,
 author = {Burton H. Bloom},
 title = {Space/time trade-offs in hash coding with allowable errors},
 journal = {Commun. ACM},
 volume = {13},
 number = {7},
 year = {1970},
 issn = {0001-0782},
 pages = {422--426},
 publisher = {ACM Press},
 address = {New York, NY, USA},
 }

@article{mitzenmacher2001,
  author="Michael Mitzenmacher",
  title="Compressed Bloom Filters",
  publisher="ACM",
  pages="144--150",
  year=2001
}

@article{358167,
 author = {James K. Mullin},
 title = {A second look at bloom filters},
 journal = {Commun. ACM},
 volume = {26},
 number = {8},
 year = {1983},
 issn = {0001-0782},
 pages = {570--571},
 publisher = {ACM},
 address = {New York, NY, USA},
 }

  
@article{broder2004,
  author="Andrei Broder and Michael Mitzenmacher",
  month=May,
  title="Network applications of Bloom filters: A survey",
  journal="Internet Mathematics",
  volume=1,
  number=4,
  pages="485--509",
  year=2004
}                  

@misc{bloom-calculator,
  url="http://www.cc.gatech.edu/~manolios/bloom-filters/calculator.html",
  year=2004,
  title="Bloom Filter Calculator",
  author="Panagiotis Manolios"
}

%%%%%%%%%%%%%%%%%%%%%%%%%%%%%%%%%%%%%%%%%%%%%%%%%%%%%%%%%%%%%%%%                  
                  
@article{duerr-2004,
  title="Information Assurance Applied to Authentication of Digital Evidence",
  author="Thomas E. Duerr and Nicholas D. Beser and Gregory P. Staisiunas",
  year=2004,
  journal="Forensic Science Communications",
  volume=6,
  number=4,
  url="http://www.fbi.gov/hq/lab/fsc/backissu/oct2004/research/2004_10_research01.htm"
}
 
@article{OppligerR03,
  author    = {Rolf Oppliger and Ruedi Rytz},
  title     = {Digital Evidence: Dream and Reality},
  journal   = {{IEEE} Security \& Privacy},
  volume    = {1},
  number    = {5},
  year      = {2003},
  pages     = {44-48},
  url       = {http://doi.ieeecomputersociety.org/10.1109/MSECP.2003.1236234},
  abstract="Digital evidence is inherently weak. New evidence-gathering technologies-digital black boxes-must be developed and deployed to support investigations of irreproducible events such as digitally signing a document."
}

@techreport{sp800-101,
 title={Guidelines on Cell Phone Forensics},
 year=2007,
 month=May,
 institution={National Institute of Standards and Technology},
 address="Gaithersburg, MD",
 url="http://csrc.nist.gov/publications/nistpubs/800-101/SP800-101.pdf"
}


@techreport{zip-format,
   title="{APPNOTE.TXT} --- {.ZIP} File Format Specification",
   year=2007,
   month=Sep # " 28",
   url="http://www.pkware.com/documents/casestudies/APPNOTE.TXT",
   institution="PKWare, Inc.",
   author="Phil Katz"
}

@misc{wvWare,
   title="wvWare",
   year=2006,
   url="http://wvware.sourceforge.net",
   author="Dom Lachowicz and Caol\'{a}n McNamara"
}

@article{DBLP:journals/di/RoussevCBR06,
  author    = {Vassil Roussev and
               Yixin Chen and
               Timothy Bourg and
               Golden G. Richard III},
  title     = {{\it md5bloom}: Forensic filesystem hashing revisited},
  journal   = {Digital Investigation},
  volume    = {3},
  number    = {Supplement-1},
  year      = {2006},
  pages     = {82-90},
  ee        = {http://dx.doi.org/10.1016/j.diin.2006.06.012},
  bibsource = {DBLP, http://dblp.uni-trier.de}
}

@misc{Moussaoui:md5,
  author="David J. Novak",
  url="http://notablecases.vaed.uscourts.gov/1:01-cr-00455/docs/68092/0.pdf",
  title="GOVERNMENTâS OPPOSITION TO STANDBY COUNSELâS REPLY TO THE GOVERNMENTâS RESPONSE TO COURTâS ORDER ON COMPUTER AND E-MAIL EVIDENCE",
  note="UNITED STATES OF AMERICA v. ZACARIAS MOUSSAOUI, Defendant, Criminal No.  01-455-A",
  year=2002,
  month=Dec # " 30"
}
                  
@misc{safeback,
  title="SafeBack Bit Stream Backup Software",
  author={NTI Forensics Source, BAE Systems},
  url="http://www.forensics-intl.com/safeback.html",
  year=2008
}

@misc{ilook,
  title="ILook Investigator",
  url="http://ilook-forensics.org",
  year=2008,
  publisher={US Department of the Treasury},
  key="US Treasury"
}
 
@article{fonseca512,title="Hard-drive changes: Long Block Data standard gets green light",
  month=May,
  year=2007,
  journal={Computerworld},
  author={Brian Fonseca},
  url="http://www.computerworld.com/action/article.do?command=printArticleBasic&articleId=9018507"
}

@misc{libewf,
  title="libewf: Project Info",
  url="http://sourceforge.net/projects/libewf/",
  author="Joachim Metz",
  note="Last accessed Dec. 3, 2011",                  
  year=2008
}
                  
@misc{illustrated-guide,
  title="An Illustrated Guide to Cryptographic Hashes",
  year=2005,
  url="http://www.unixwiz.net/techtips/iguide-crypto-hashes.html",
  author="Steve Friedl"
}

@misc{boneh-notes,
  title="Cryptographic hashing",
  note="Course notes for CS255 Winter 01",
  year=2001,
  author="Dan Boneh",
  url="http://crypto.stanford.edu/~dabo/courses/cs255_winter01/1-hashing.pdf"
}



@inproceedings{wang:md5,
  author="Xiaoyun Wang and Dengguo Feng and Xuejia Lai and Hongbo Yu",
  title="Collisions Functions {MD4}, {MD5}, {HAVAL-128} and {RIPEMD}",
  note="rump session",
  booktitle="Report 2004/199",
  publisher="CRYPTO 2004 Cryptology ePrint Archive",
  url="http://eprint.iacr.org/2004/199.pdf",
  month=Aug # " 16",
  year=2004
}

@article{schneier:md5opinion,
  title="Opinion: Cryptanalysis of {MD5} and {SHA}: Time for a new standard",
  journal="Computerworld",
  year=2004,
  month=Aug # " 19",
  author="Bruce Schneier",
  url="http://www.computerworld.com/securitytopics/security/story/0,,95343,00.html"
}

@misc{nist:hash,
  title="Announcing the Development of New Hash Algorithm(s) for the Revision of the Federal Information Processing Standard (FIPS) 180-2, Secure Hash Standard",
  publisher={National Institute of Standards and Technology, Commerce},
  key="NIST",
  page="2861--2863",
  journal="Federal Register",
  year=2007,
  volume=72,
  number=14,
  url="http://csrc.nist.gov/groups/ST/hash/documents/FR_Notice_Jan07.pdf"
}

@misc{openssl,
  title="OpenSSL: The Open Source toolkit for SSL/TLS",
  year=2008,
  url="http://www.openssl.org",
  publisher={The OpenSSL Project},
  key="OpenSSL"
}

@misc{pkcs1,
  title="PKCS \#1: v2.1: RSA Cryptography Standard",
  url="ftp://ftp.rsasecurity.com/pub/pkcs/pkcs-1/pkcs-1v2-1.pdf",
  author={RSA Laboratories},
  year=2002,
  month=Jun # " 14"
}

@misc{pkcs7,
  title="PKCS \#7: Cryptographic Message Syntax Standard",
  url="ftp://ftp.rsasecurity.com/pub/pkcs/ascii/pkcs-7.asc",
  author={RSA Laboratories},
  note="Version 1.5",
  year=1993,
  month=Nov # " 1"
}

@misc{ lie03implementing,
  author = "D. Lie and C. Thekkath and M. Horowitz",
  title = "Implementing an untrusted operating system on trusted hardware",
  text = "D. Lie, C. A. Thekkath, and M. Horowitz. Implementing an untrusted operating
    system on trusted hardware. In Proceedings of the nineteenth ACM symposium
    on Operating systems principles, pages 178--192. ACM Press, 2003.",
  year = "2003",
  url = "citeseer.ist.psu.edu/lie03implementing.html" 
}

@article{chow2007,
   author="F. Chow and M. Law and P. Lai",
   title="The rules of time on NTFS file system",
   booktitle="2nd International Workshop on Systematic Approaches to Digital Forensic Engineering",
   year=2007,
  month=Apr,
  location="Seattle, Washington"
}


@misc{tpm,
  title="TCG TPM Specification Version 1.2 Revision 103",
  author={Trusted Computing Group},
  url="https://www.trustedcomputinggroup.org/specs/TPM/",
  year=2007,
  month=Jul # " 9",
  publisher={TCG}
}

@misc{dsig,
  title="{XML}-Signature Syntax and Processing",
  year=2002,
  publisher="W3C",
  editor="Donald Eastlake and Joseph Reagle and David Solo",
  author="Mark Bartel and John Boyer and Barb Fox and Brian LaMaccia and Ed Simon",
  url="http://www.w3.org/TR/xmldsig-core/"
}

@misc{x.509,
  title="Recommendation X.509 (08/05): The Directory: Public-key and attribute certificate frameworks",
  year=2005,
  month=Aug,
  url="http://www.itu.int/rec/T-REC-X.509-200508-I",
  publisher={International Telecommunication Union},
  key="ITU"
}

@misc{aes,
  title="Federal Information Processing Standards Publication 197: Specification for the Advanced Encryption Standard (AES)",
  year=2001,
  month=Nov # " 26",
  url="http://csrc.nist.gov/publications/fips/fips197/fips-197.pdf",
  publisher={National Institute of Standards and Technology},
  key="NIST"
}

@misc{MountImagePro,
  url="http://www.mountimage.com/",
  name="MountImage Pro",
  publisher={GetData Software Developoment Company},
  key="GetData Software",
  year=2008
}

@misc{fuse,
  title="Filesystem in Usespace",
  url="http://fuse.sourceforge.net/",
  year=2008,
  author="Miklos Szeredi"
}

@misc{expert_witness,
  title="Expert Witness Compression Format Speciï¬cation",
  publisher={ASR Data Acquisition and Analysis},
  key="ASR",
  url="http://www.asrdata.com/SMART/whitepaper.html",
  year=2002,
  month=Apr # " 7"
}

@misc{vmware-player,
  title="Run Virtual Machines on your PC for Free",
  author={VMWare},
  year=2008,
  url="http://www.vmware.com/products/player/"
}

@article{reith:examination,
  title="An Examination of Digital Forensic Models",
  journal="International Journal of Digital Evidence",
  year=2002,
  volume=1,
  issue=3,
  author="Mark Reith and Clint Carr and Gregg Gunsch"
}

@techreport{nist800-86,
 title="Guide to Integrating Forensic Techniques into Incident Response",
 author="Karen Kent and Suzanne Chevalier and tim Grance and Hung Dang",
 institution={National Institute of Standards and Technology},
  number="SP800-86",
  year=2006,
  url="http://csrc.nist.gov/publications/nistpubs/800-86/SP800-86.pdf"
}
                  

@techreport{nist800-88,
  title="Guidelines for Media Sanitization",
  number="SP800-88",
  institution={National Institute of Standards and Technology},
  key="NIST",
  year=2006,
  month=Sep,
  url="http://csrc.nist.gov/publications/nistpubs/800-88/NISTSP800-88_rev1.pdf"
}
                  
@inbook{forsigs,
  title="FORSIGS: Forensic Signature Analysis of the Hard Drive for Multimedia File Fingerprints",
  booktitle="New Approaches for Security, Privacy and Trust in Complex Environments",
  author="John Haggerty and Mark Taylor",
  year=2007,
  month=Nov,
  url="http://www.springerlink.com/content/21478kr877478805/",
  publisher="Springer",
  pages="1--12"
}

@misc{cac,
  title="CAC: Common Access Card",
  url="http://www.cac.mil",
  year=2008,
  publisher="US Department of Defnese",
  key="US Department of Defense"
}
                  
@misc{ ostrovsky05private,
  author = "R. Ostrovsky",
  title = "Private searching on streaming data",
  text = "Rafail Ostrovsky and William E. Skeith III. Private searching on streaming
    data. In Victor Shoup, editor, CRYPTO, volume 3621 of Lecture Notes in Computer
    Science, pages 223--240. Springer, 2005.",
  year = "2005",
  url = "citeseer.ist.psu.edu/ostrovsky05private.html" }

@techreport{nist-disk-imaging,
  title="Disk Imaging Tool Specification",
  institution={National Institute of Standards and Technology},
  url="http://www.cftt.nist.gov/disk_imaging.htm",
  number={Version 3.1.6},
  location="US Department of Commerce"
}

@techreport{nist-deleted-file-recovery,
  title="Deleted File Recovery Tool Specification",
  institution={National Institute of Standards and Technology},
  key="NIST",                  
  number={Draft for SC Review of Version 1.0},
  location="US Department of Commerce",
  url="http://www.cftt.nist.gov/DeletedFileRecovery.htm",
  year=2005,
 note="Last accessed Dec. 3, 2011",                  
 author="James Lyle",
}

@misc{microsoft-ooxml,
 title="Office Open XML, ECMA-376, and ISO/IEC 29500",
 year=2011,
 month=Feb,
 note="Last accessed Feb 23, 2013",
 url="http://msdn.microsoft.com/en-us/library/office/gg607163(v=office.14).aspx",
}

@misc{microsoft-introducing-open-xml,
  title="Introducing the Office (2007) Open {XML} File Formats",
  url="http://msdn2.microsoft.com/en-us/library/aa338205.aspx",
  year=2008,
  author="Frank Rice",
  publisher="Microsoft"
}

@misc{opendocumentv1.0,
   title="Open Document Format for Office Applications (OpenDocument) v1.0",
   year=2005,
   month=May # " 1",
   url="http://www.oasis-open.org/committees/download.php/12572/OpenDocument-v1.0-os.pdf"
}


@inproceedings{1363239,
 author = {Michael I. Cohen},
 title = {Advanced JPEG carving},
 booktitle = {e-Forensics '08: Proceedings of the 1st international conference on Forensic applications and techniques in telecommunications, information, and multimedia and workshop},
 year = {2008},
 isbn = {978-963-9799-19-6},
 pages = {1--6},
 location = {Adelaide, Australia},
 publisher = {ICST (Institute for Computer Sciences, Social-Informatics and Telecommunications Engineering)},
 address = {ICST, Brussels, Belgium, Belgium},
 }

@mastersthesis{huynh:08,
  author = "Daniel Huynh",
  title="Exploring and Validating Data Mining Algorithms for use in Data Ascription",
  school="Naval Postgraduate School",
  address="Monterey, CA",
  date=Jun,
  year=2008,
  pages=61,
  url="http://theses.nps.navy.mil/08Jun_huynh.pdf"
}
                  
@mastersthesis{migletz:08,
  author = "James Migletz",
  title="Automated Metadata Extraction",
  school="Naval Postgraduate School",
  address="Monterey, CA",
  date=Jun,
  year=2008,
  pages=61,
  url="http://theses.nps.navy.mil/08Jun_Migletz.pdf"
}

@misc{guymanager,
 author="Guy Voncken",
 url="http://guymager.sourceforge.net/",
 title="Guymanager",
 year=2012
}                  

@inproceedings{manuka,
  title="The Manuka Project",
  author="Barbara Endicott-Popovsky and Dave Dittrich and Amelia Phillips and Deb Frincke and Jose Chavez and W.\ Jenks Gibbons and Don Nguyen and Christian Seifert and Amy Shephard and Chris Abate and Shawn Loveland",
  booktitle="The 2004 {IEEE} Workshop on Information Assurance",
  location="United States Military Academy, West Point, NY",
  month=Jun,
  year=2004
  }

@misc{callfriend,
  author="Alexandra Canavan and George Zipperlen",
  title="American English-Non-Southern Dialect",
  year=1996,
  url="http://www.ldc.upenn.edu/Catalog/CatalogEntry.jsp?catalogId=LDC96S46",
  publisher="Linguistic Data Consortium, Philadelphia"
}

@inproceedings{pyflag,
 title = "{PyFlag:} An advanced network forensic framework",
 author = "M.I. Cohen",
 booktitle="Proceedings of the 2008 Digital Forensics Research Workshop",
   publisher="{DFRWS}",
   year=2008,
   month=Aug,
   location="Baltimore, MD"
}

@misc{dom,
  publisher="W3C",
  year=2004,
  month=Apr,
  url="http://www.w3.org/TR/2004/REC-DOM-Level-3-Core-20040407/",
  title="Document Object Model (DOM) Level 3 Core Specification",
  author="Arnaud Le Hors and Philippe Le H\'{e}garet and Lauren Wood and Gavin Nicol and Jonathan Robie and Mike Champion and Steve Byrne"
}



@inproceedings{1247492,
 author = {Patrick Stahlberg and Gerome Miklau and Brian Neil Levine},
 title = {Threats to privacy in the forensic analysis of database systems},
 booktitle = {SIGMOD '07: Proceedings of the 2007 ACM SIGMOD international conference on Management of data},
 year = {2007},
 isbn = {978-1-59593-686-8},
 pages = {91--102},
 location = {Beijing, China},
 publisher = {ACM},
 address = {New York, NY, USA},
 }

@inproceedings{1363256,
 author = {John Haggerty and David Llewellyn-Jones and Mark Taylor},
 title = {FORWEB: file fingerprinting for automated network forensics investigations},
 booktitle = {e-Forensics '08: Proceedings of the 1st international conference on Forensic applications and techniques in telecommunications, information, and multimedia and workshop},
 year = {2008},
 isbn = {978-963-9799-19-6},
 pages = {1--6},
 location = {Adelaide, Australia},
 publisher = {ICST (Institute for Computer Sciences, Social-Informatics and Telecommunications Engineering)},
 address = {ICST, Brussels, Belgium, Belgium},
 }

@misc{dfrws2007-challenge,
  title="{DFRWS} 2007 Forensics Challenge Overview",
  author="Brian Carrier and Eoghan Casey and Wietse Venema",
  year=2007,
  url="http://www.dfrws.org/2007/challenge/"
}
                  
@misc{dfrws2006-challenge,
  title="{DFRWS} 2006 Forensics Challenge Overview",
  author="Brian Carrier and Eoghan Casey and Wietse Venema",
  year=2006,
  url="http://www.dfrws.org/2006/challenge/"
}
                  
@mastersthesis{harris:07,
  author="Ryan M. Harris",
  title="Using Artificial Neural Networks for Forensic File Type Identification",
  school="Purdue University",
  year=2007
}

@inproceedings{calhoun:fragments,
  author="William C. Calhoun and Drue Coles",
  year=2008,
  booktitle="Digital Investigation: The Proceedings of the Eighth Annual {DFRWS} Conference",
  volume=5,
  title="Predicting the types of file fragments"
}

@misc{clamav-better,
 title="Open source ClamAV beats McAfee and Norton",
  author="Derrick Webber",
  journal="Security Viewpoints",
  year=2007,
  month=Aug # " 9",
  url="http://advosys.ca/viewpoints/2007/08/clamav-beats-mcafee-and-norton/"
}

@misc{libmagic,
  url="ftp://ftp.astron.com/pub/file/",
  title="Libmagic",
  author="Ian F. Darwin",
  year=2008,
  month=Aug
}

@book{weka,
  author="Ian H. Witten and Eibe Frank",
  year=2005,
  title="Data Mining: Practical machine learning tools and techniques, 2nd Edition",
  publisher="Morgan Kaufmann",
  address="San Francisco"
}

@inproceedings{1060813,
 author = {Ron Bekkerman and Andrew McCallum},
 title = {Disambiguating Web appearances of people in a social network},
 booktitle = {WWW '05: Proceedings of the 14th international conference on World Wide Web},
 year = {2005},
 isbn = {1-59593-046-9},
 pages = {463--470},
 location = {Chiba, Japan},
 doi = {http://doi.acm.org/10.1145/1060745.1060813},
 publisher = {ACM},
 address = {New York, NY, USA},
 }

@inproceedings{1274975,
 author = {Jos\'{e} E. Moreira and Maged M. Michael and Dilma Da Silva and Doron Shiloach and Parijat Dube and Li Zhang},
 title = {Scalability of the Nutch search engine},
 booktitle = {ICS '07: Proceedings of the 21st annual international conference on Supercomputing},
 year = {2007},
 isbn = {978-1-59593-768-1},
 pages = {3--12},
 location = {Seattle, Washington},
 doi = {http://doi.acm.org/10.1145/1274971.1274975},
 publisher = {ACM},
 address = {New York, NY, USA},
 }

@inproceedings{671350,
 author = {Arnaud Sahuguet and Fabien Azavant},
 title = {Building Light-Weight Wrappers for Legacy Web Data-Sources Using W4F},
 booktitle = {VLDB '99: Proceedings of the 25th International Conference on Very Large Data Bases},
 year = {1999},
 isbn = {1-55860-615-7},
 pages = {738--741},
 publisher = {Morgan Kaufmann Publishers Inc.},
 address = {San Francisco, CA, USA},
 }

@article{945374,
 author = {Mary Elaine Califf and Raymond J. Mooney},
 title = {Bottom-up relational learning of pattern matching rules for information extraction},
 journal = {J. Mach. Learn. Res.},
 volume = {4},
 year = {2003},
 issn = {1533-7928},
 pages = {177--210},
 publisher = {MIT Press},
 address = {Cambridge, MA, USA},
 }


@inproceedings{276330,
 author = {Brad Adelberg},
 title = {NoDoSE---a tool for semi-automatically extracting structured and semistructured data from text documents},
 booktitle = {SIGMOD '98: Proceedings of the 1998 ACM SIGMOD international conference on Management of data},
 year = {1998},
 isbn = {0-89791-995-5},
 pages = {283--294},
 location = {Seattle, Washington, United States},
 doi = {http://doi.acm.org/10.1145/276304.276330},
 publisher = {ACM},
 address = {New York, NY, USA},
 }


                  

                  @article{1132957,
 author = {Jordi Turmo and Alicia Ageno and Neus Catal\`{a}},
 title = {Adaptive information extraction},
 journal = {ACM Comput. Surv.},
 volume = {38},
 number = {2},
 year = {2006},
 issn = {0360-0300},
 pages = {4},
 doi = {http://doi.acm.org/10.1145/1132956.1132957},
 publisher = {ACM},
 address = {New York, NY, USA},
 }

@inproceedings{1460016,
 author = {Dheerendranath Mundluru and Xiongwu Xia},
 title = {Experiences in crawling deep web in the context of local search},
 booktitle = {GIR '08: Proceeding of the 2nd international workshop on Geographic information retrieval},
 year = {2008},
 isbn = {978-1-60558-253-5},
 pages = {35--42},
 location = {Napa Valley, California, USA},
 doi = {http://doi.acm.org/10.1145/1460007.1460016},
 publisher = {ACM},
 address = {New York, NY, USA},
 }


@article{998172,
 author = {Juliano Palmieri Lage and Altigran S. da Silva and Paulo B. Golgher and Alberto H. F. Laender},
 title = {Automatic generation of agents for collecting hidden web pages for data extraction},
 journal = {Data Knowl. Eng.},
 volume = {49},
 number = {2},
 year = {2004},
 issn = {0169-023X},
 pages = {177--196},
 doi = {http://dx.doi.org/10.1016/j.datak.2003.10.003},
 publisher = {Elsevier Science Publishers B. V.},
 address = {Amsterdam, The Netherlands, The Netherlands},
 }


@article{1373451,
 author = {Patrick Juola},
 title = {Authorship attribution},
 journal = {Found. Trends Inf. Retr.},
 volume = {1},
 number = {3},
 year = {2006},
 issn = {1554-0669},
 pages = {233--334},
 doi = {http://dx.doi.org/10.1561/1500000005},
 publisher = {Now Publishers Inc.},
 address = {Hanover, MA, USA},
 }

@article{954342,
 author = {W. Zhao and R. Chellappa and P. J. Phillips and A. Rosenfeld},
 title = {Face recognition: A literature survey},
 journal = {ACM Comput. Surv.},
 volume = {35},
 number = {4},
 year = {2003},
 issn = {0360-0300},
 pages = {399--458},
 doi = {http://doi.acm.org/10.1145/954339.954342},
 publisher = {ACM},
 address = {New York, NY, USA},
 }

@article{1348248,
 author = {Ritendra Datta and Dhiraj Joshi and Jia Li and James Z. Wang},
 title = {Image retrieval: Ideas, influences, and trends of the new age},
 journal = {ACM Comput. Surv.},
 volume = {40},
 number = {2},
 year = {2008},
 issn = {0360-0300},
 pages = {1--60},
 doi = {http://doi.acm.org/10.1145/1348246.1348248},
 publisher = {ACM},
 address = {New York, NY, USA},
 }

@inproceedings{1101833,
 author = {Marco Bertini and Alberto Del Bimbo and Walter Nunziati},
 title = {Player identification in soccer videos},
 booktitle = {MIR '05: Proceedings of the 7th ACM SIGMM international workshop on Multimedia information retrieval},
 year = {2005},
 isbn = {1-59593-244-5},
 pages = {25--32},
 location = {Hilton, Singapore},
 doi = {http://doi.acm.org/10.1145/1101826.1101833},
 publisher = {ACM},
 address = {New York, NY, USA},
 }

@inproceedings{jeremy-adapting,
  title="Adapting Existing Technologies for Digitally Archiving Personal Lives",
  year=2008,
  publisher="The British Library",
  booktitle="iPRES 2008: The Fifth International Conference on Preservation of Digital Objects",
  month=Sep,
  location="St. Pancras, London",
  url="http://www.bl.uk/ipres2008/presentations_day1/09_John.pdf"
}

@inproceedings{DBLP:conf/eurocrypt/WangY05,
  author    = {Xiaoyun Wang and
               Hongbo Yu},
  title     = {How to Break {MD5} and Other Hash Functions},
  booktitle = {EUROCRYPT},
  year      = {2005},
  pages     = {19-35},
  ee        = {http://dx.doi.org/10.1007/11426639_2},
  crossref  = {DBLP:conf/eurocrypt/2005},
  bibsource = {DBLP, http://dblp.uni-trier.de}
}

@proceedings{DBLP:conf/eurocrypt/2005,
  editor    = {Ronald Cramer},
  title     = {Advances in Cryptology - EUROCRYPT 2005, 24th Annual International
               Conference on the Theory and Applications of Cryptographic
               Techniques, Aarhus, Denmark, May 22-26, 2005, Proceedings},
  booktitle = {EUROCRYPT},
  publisher = {Springer},
  series    = {Lecture Notes in Computer Science},
  volume    = {3494},
  year      = {2005},
  isbn      = {3-540-25910-4},
  bibsource = {DBLP, http://dblp.uni-trier.de}
}

@inproceedings{pal-sht,
  title="Detecting file fragmentation point using sequential hypothesis testing",
  year=2008, 
  booktitle="Digital Investigation",
  volume=5,
  pages="S2--S13",
  author="Anandabrata Pal and Husrev T. Sencar and Nasir Memon",
  url="http://www.dfrws.org/2008/proceedings/p2-pal.pdf"
}
                  
@inproceedings{memon:sht,
  author="Anandabrata Pal and Husrev Sencar and Nasir Memon",
  year=2008,
  booktitle="Digital Investigation: The Proceedings of the Eighth Annual {DFRWS} Conference",
  volume=5,
  title="Detecting file fragmentation point using sequential hypothesis testing",
}  


@inproceedings{jpeg-recovery,
title="Identification and Recovery of JPEG Files with Missing Fragments",
author="Husrev Sencar and Nasir Memon",
booktitle="Digital Investigation: The Proceedings of the Ninth Annual DFRWS Conference",
year=2009,
volume=6,
pages="S88--S98",
}
                  

%
% File identificaiton 
%

@mastersthesis{mcdaniel:2001,
  author="Mason McDaniel",
  title="Automatic File Type Detection Algorithm",
  year=2001,
  school="James Madison University"
}

@inproceedings{mcdaniel:2003,
  title="Content Based File Type Detection Algorithms",
  author="M. McDaniel and MH Heydari",
   booktitle="HICSS '03: Proceedings of the 36th Annual Hawaii International Conference on System Sciences",
  year=2003
}
 
                    

@inproceedings{fei:2005,
  title="Exploring Forensic Data with Self-Organizing Maps",
  author="B. Fei and J. Eloff and H. Venter and M. Oliver",
  booktitle="Advances in digital forensics, IFIP International Conference on Digital Forensics",
  location="National Center for Forensic Science, Orlando, Florida",
  month="1 " # feb,
  year=2005,
  pages="113--123"
}

@inproceedings{haggerty:2007,
  title="FORSIGS; Forensic Signature Analysis of Hard Drive for Multimedia File Fingerprints",
  year=2007,
  pages="1--12",
  booktitle="New approaches for security, privacy and trust in complex environments: proceedings of the IFITC-11 22nd International Information Security Conference",
  location="Sandton, South Africa",
  author="John Haggerty and Mark Taylor"
}

@inproceedings{moody:2008,
  title="S\'{A}DI â Statistical Analysis for Data type Identification",
  author="Sarah J. Moody and Robert F. Erbacher",
  booktitle="Third International Workshop on Systematic Approaches to Digital Forensic Engineering",
  year=2008,
  pages="41--54"
}
  
@inproceedings{Roundy:2005:DDV:1088348.1088349,
 author = {Roundy, David},
 title = {Darcs: distributed version management in {Haskell}},
 booktitle = {Proceedings of the 2005 {ACM SIGPLAN} workshop on {Haskell}},
 series = {Haskell '05},
 year = {2005},
 isbn = {1-59593-071-X},
 location = {Tallinn, Estonia},
 pages = {1--4},
 numpages = {4},
 url = {http://doi.acm.org/10.1145/1088348.1088349},
 doi = {10.1145/1088348.1088349},
 acmid = {1088349},
 publisher = {ACM},
 address = {New York, NY, USA},
} 


@book{Pilato:2008:VCS:1435405,
 author = {Pilato, C and Collins-Sussman, Ben and Fitzpatrick, Brian},
 title = {Version Control with Subversion},
 year = {2008},
 isbn = {0596510330, 9780596510336},
 edition = {2},
 publisher = {O'Reilly Media, Inc.},
} 

@inproceedings{Tichy:1982:DIE:800254.807748,
 author = {Tichy, Walter F.},
 title = {Design, implementation, and evaluation of a Revision Control System},
 booktitle = {Proceedings of the 6th international conference on Software engineering},
 series = {ICSE '82},
 year = {1982},
 location = {Tokyo, Japan},
 pages = {58--67},
 numpages = {10},
 url = {http://dl.acm.org/citation.cfm?id=800254.807748},
 acmid = {807748},
 publisher = {IEEE Computer Society Press},
 address = {Los Alamitos, CA, USA},
} 


@book{Grosenbach:2007:GSC:2167260,
 author = {Grosenbach, Geoffrey},
 title = {Git source code control},
 year = {2007},
 edition = {First},
 publisher = {PeepCode},
} 

@inproceedings{1059537,
 author = {Bradley Bogolea and Kay Wijekumar},
 title = {Information security curriculum creation: a case study},
 booktitle = {InfoSecCD '04: Proceedings of the 1st annual conference on Information security curriculum development},
 year = {2004},
 isbn = {1-59593-048-5},
 pages = {59--65},
 location = {Kennesaw, Georgia},
 publisher = {ACM},
 address = {New York, NY, USA}
 }

@article{1047403,
 author = {Larry Gottschalk and Jigang Liu and Brahma Dathan and Sue Fitzgerald and Michael Stein},
 title = {Computer forensics programs in higher education: a preliminary study},
 journal = {SIGCSE Bull.},
 volume = {37},
 number = {1},
 year = {2005},
 issn = {0097-8418},
 pages = {147--151},
 publisher = {ACM},
 address = {New York, NY, USA}
}

@misc{jflex,
 title="JFlex: The Fast Scanner Generator for Java",
 author="Gerwin Klein",
 year=2009,
 url="http://jflex.de"
}                  

@incollection{nelson:regxml,
	Author = {Alex J. Nelson},
	Booktitle = {Advances in Digital Forensics VIII, to appear},
	Date-Added = {2012-01-11 18:34:51 +0000},
	Date-Modified = {2012-02-10 17:34:29 +0000},
	Editor = {Kam-Pui Chow and Sujeet Shenoi},
	Publisher = {Springer},
	Series = {IFIP Advances in Information and Communication Technology},
	Title = {{RegXML}: {XML} conversion of the {Windows Registry} for forensic processing and distribution},
	Year = {2012}
}

@book{snow-tle,
 title="Technology and Law Enforcement: From Gumshoe to Gamma Rays",
 author="Robert L. Snow",
 publisher="Grreenwood Publishing Group",
 year=2007
}                  

@inproceedings{walls-levine-effective-digital-forensics,
 title="Effective Digital Forensics Research is Investigator-Centric",
 author="Robert J. Walls and Brian Neil Levine and Marc Liberatore and Clay Shields",
 booktitle="Proc.\ USENIX Workshop on Hot Topics in Security (HotSec)",
 month=Aug,
 year=2011,
 url="https://www.usenix.org/conference/hotsec11/effective-digital-forensics-research-investigator-centric",
 pages="1--7",
}

@misc{dfr-test-images,
 title="Overview DFR Test Images",
 publisher="NIST",
 key="NIST",
 url="http://www.cfreds.nist.gov/dfr-test-images.html",
 year=2012,
 note={Last accessed Apr. 9, 2012}                  
}

@inproceedings{wright-overwrite-2,
 title="Overwriting Hard Drive Data: The Great Wiping Controversy",
 author="Craight Wright and Dave Kleiman and Shyaam Sundhar R. S.",
 year=2008,
 booktitle="Lecture Notes in Computer Science / ICISS 2008",
 pages="243--257",
 url="http://www.vidarholen.net/~vidar/overwriting_hard_drive_data.pdf",
 publisher="Springer"
}

                   

@misc{wright-overwrite-1,
 title="Overwriting Hard Drive Data",
 author="Craig Wright",
 url="http://computer-forensics.sans.org/blog/2009/01/15/overwriting-hard-drive-data/",
 year=2009,
 month=Jan # " 15"
}                  

@article{kornblum:buffalo,
 title="Using every part of the buffalo in Windows memory analysis",
 volume=4,
 issue=1,
 month=Mar,
 year=2007,
 pages="24--29",
 author="Jesse D. Kornblum",
 journal="Digital Investigation",
 publisher="Elsevier"
}                  

@article{diff-v6,
 title="diff--differential file comparator",
 journal="UNIX Programmer's Manual, Sixth Edition",
 author="K. Thompson and D. M. Ritchie",
 month=May,
 year=1975,
 url="http://wwwlehre.dhbw-stuttgart.de/~helbig/os/v6/doc/man0.ps"
}

@techreport{diff-1976,
 author="J. W. Hunt and M. D. McIlroy",                   
 title="An Algorithm for Differential File Comparison",
 year=1976,
 month=Jun,
 journal="Computing Science Technical Report",
 institution="Bell Laboratories",
 number=41
}

@book{gnudiff-book,
 author="David MacKenzie and Paul Eggert and Richard Stallman",
 year=1997,
 title="Comparing and Merging Files with GNU Diff and Patch",
 publisher="Bristol"
}

@inproceedings{roussev:dfrws2011,
 title="An evaluation of forensic similarity hashes",
 author="Vassil Roussev",
 journal="Digital Investigation",
 volume=8,
 year=2011,
 pages="S34--S41",
 url="http://dfrws.org/2011/proceedings/09-341.pdf"
}                  

@misc{intellidact,
  title="IntelliDact: {CSI} technology for automated redaction and indexing",
  author="{Computing System Innovations}",
  year=2006,
  url="http://www.csisoft.com/applications/intellidact.php",
}

@misc{us:greenwood,
  title =        "{California v. Greenwood}",
  note = "486 US 35",
  month = may # " 16",
  year = 1988,
 author="{US Supreme Court}"
}
                  
@misc{bobbs-merrill-v-straus,
 title="{Bobbs-Merrill Co. v. Straus}",
 note="210 US 339",
 year=1908,
 author="{US Supreme Court}"
}                  

@misc{ddrescue,
 title="GNU ddrescue Manual",
 author="Antonio Diaz Diaz",
 year=2012,
 url="http://www.gnu.org/software/ddrescue/manual/ddrescue_manual.html",
 publisher="Free Software Foundation"
}

@techreport{merkle:79,
 title="Secrecy, Authenticaiton, and Public Key Systems",
 author="Ralph Charles Merkle",
 year=1979,
 month=Jun,
 number="1979-1",
 institution="Information Systems Laboratory, Stanford Electronics Laboratories, Stanford University"
}

@book{stalins-darkroom,
 title="The Commissar Vanishes: The Falsification of Photographs and Art in Stalin's Russia",
 year=1997,
 author="David King",
 publisher="Metropolitan Books"
}

@article{technology-madoff,
 author="John Dodge",
 title={The Technology Behind the Scam; Madoff prosecutors want to find out what really happened in ``House 17.''},
 journal="Investment Dealers' Digest",
 year=2009,
 month=Nov # "  6",
 url="http://www.highbeam.com/doc/1G1-211352511.html"
}
                  
@inbook{farid07,
  chapter      = {Digital Doctoring: can we trust photographs?},
  publisher    = {Stanford University Press},
  url          = {http://www.cs.dartmouth.edu/farid/publications/deception07.pdf},
  author       = {Hany Farid},
  year         = {2007},
  title        = {Deception: methods, motives, contexts and consequences},
 pages="1--12"
}

@article{va-laptop-1,
 title="Stolen VA Laptop and Hard Drive Recovered",
 author="Christopher Lee and Zachary A. Goldfarb",
 year=2006,
 month=Jun # " 30",
 journal="The Washington Post",
 url="http://www.washingtonpost.com/wp-dyn/content/article/2006/06/29/AR2006062900352.html"
}

@techreport{D-2009-104,
 title="Sanitization and Disposal of Excess Information Technology Equipment",
 year=2009,
 month=Sep # " 21",
 url="http://www.dodig.mil/Audit/reports/fy09/09-104.pdf",
 number="D-2009-104",
 author="Paul J.\ Granetto",                   
 institution={{Inspector General, United States Department of Defense}}
}

@misc{suricata,
 title="Suricata : Open Source IDS / IPS / NSM engine",
 year=2013,
 publisher={{Open Information Security Foundation}},
 url="http://suricata-ids.org",
 note="Last accessed April 21, 2013",
 key="Suricata"
}


@article{DBLP:journals/di/Cohen09,
  author    = {Michael I. Cohen},
  title     = {Source attribution for network address translated forensic
               captures},
  journal   = {Digital Investigation},
  volume    = {5},
  number    = {3-4},
  year      = {2009},
  pages     = {138-145},
  ee        = {http://dx.doi.org/10.1016/j.diin.2008.12.002},
  bibsource = {DBLP, http://dblp.uni-trier.de}
}

@article{Lippmann:2000:DOI:361116.361124,
 author = {Lippmann, Richard and Haines, Joshua W. and Fried, David J. and Korba, Jonathan and Das, Kumar},
 title = {The 1999 DARPA off-line intrusion detection evaluation},
 journal = {Comput. Netw.},
 issue_date = {Oct. 2000},
 volume = {34},
 number = {4},
 month = oct,
 year = {2000},
 issn = {1389-1286},
 pages = {579--595},
 numpages = {17},
 url = {http://dx.doi.org/10.1016/S1389-1286(00)00139-0},
 doi = {10.1016/S1389-1286(00)00139-0},
 acmid = {361124},
 publisher = {Elsevier North-Holland, Inc.},
 address = {New York, NY, USA},
 keywords = {attack, audit, evaluate, intrusion detection, test bed},
} 
@inproceedings{botta-soups2005,
 title="Towards Understanding IT Security Professionals and Their Tools",
 author="David Botta and Rodrigo Werlinger and Andr\'e Gagn\'e and Konstantin Beznosov and Lee Iverson and  Sidney Fels and Brian Fisher",
 year=2007,
 inproceedings="Symposium On Usable Privacy and Security (SOUPS)",
 location="Pittsburgh, PA"
}

@misc{ftk,
  url="http://accessdata.com/products/computer-forensics/ftk",
 title="Forensic Toolkit {(FTK)}",
 note="Last accessed Dec. 3, 2011",                  
  author="{Access Data}",
  year=2011
}

@misc{microsoft-efi,
 title="Microsoft Extensible Firmware Initiative FAT32 File System Specification, rev 1.03",
 author={{Microsoft Corporation}},
 year=2000,
 month=Dec # " 6",
 url=http://msdn.microsoft.com/en-us/windows/hardware/gg463080.aspx
}

@book{ecma-107,
 title="Standard ECMA-107 Volume and File Structure of Disk Cartridges for Information Interchange",
 edition=2,
 year=1995,
 month=Jun,
 author={{ECMA International}},
 url="http://www.ecma-international.org/publications/standards/Ecma-107.htm",
}