@book{garfinkel:designing,
	Author = {Lorrie Cranor and Simson L. Garfinkel},
	Author_A = {Lorrie Cranor and Simson L. Garfinkel},
	Publisher = {O'Reilly},
	Title = {Security and Usability},
	Year = 2005}

@incollection{hcisecbook:balfanz,
	Author = {Dirk Balfanz and Glenn Durfee and {D.} {K.} Smetters and {R.} {E.} Grinter},
	Booktitle = {Security and Usability},
	Editor = {Lorrie Cranor and Simson L. Garfinkel},
	Publisher = {O'Reilly},
	Title = {Making the Impossible Easy: Usable {PKI}},
	Year = 2005}

@incollection{hcisecbook:renauld,
	Author = {Karen Renauld},
	Booktitle = {Security and Usability},
	Editor = {Lorrie Cranor and Simson Garfinkel},
	Publisher = {O'Reilly},
	Title = {Evaluating Authentication Mechanisms},
	Year = 2005}

@incollection{hcisecbook:coventry,
	Author = {Lynne Coventry},
	Booktitle = {Security and Usability},
	Editor = {Lorrie Cranor and Simson Garfinkel},
	Publisher = {O'Reilly},
	Title = {Usable Biometrics},
	Year = 2005}

@incollection{hcisecbook:friedman,
	Author = {Batya Friedman and Peyina Lin and Jessica K. Miller},
	Booktitle = {Security and Usability},
	Editor = {Lorrie Cranor and Simson Garfinkel},
	Publisher = {O'Reilly},
	Title = {Informed Consent by Design},
	Year = 2005}

@incollection{hcisecbook:just,
	Author = {Mike Just},
	Booktitle = {Security and Usability},
	Editor = {Lorrie Cranor and Simson Garfinkel},
	Publisher = {O'Reilly},
	Title = {Designing Authentication Systems with Challenge Questions},
	Year = 2005}

@incollection{hcisecbook:groove,
	Author = {George Moromisato and Paul Boyd and Nimisha Asthagiri},
	Booktitle = {Security and Usability},
	Editor = {Lorrie Cranor and Simson Garfinkel},
	Editor_A = {Lorrie Cranor and Simson L. Garfinkel},
	Publisher = {O'Reilly},
	Title = {Achieving Usable Security in Groove Virtual Office},
	Year = 2005}

@incollection{hcisecbook:yee,
	Author = {Ka-Ping Yee},
	Booktitle = {Security and Usability},
	Editor = {Lorrie Cranor and Simson Garfinkel},
	Editor_A = {Lorrie Cranor and Simson L. Garfinkel},
	Publisher = {O'Reilly},
	Title = {Guidelines and Strategies for Secure Interaction Design},
	Year = 2005}

@incollection{hcisecbook:karat,
	Author = {Clare-Marie Karat and Carolyn Brodie and John Karat},
	Booktitle = {Security and Usability},
	Editor = {Lorrie Cranor and Simson Garfinkel},
	Editor_A = {Lorrie Cranor and Simson L. Garfinkel},
	Publisher = {O'Reilly},
	Title = {Usability Design and Evaluation for Privacy and Security Solutions},
	Year = 2005}

@incollection{hcisecbook:zurko,
	Author = {Mary Ellen Zurko},
	Booktitle = {Security and Usability},
	Editor = {Lorrie Cranor and Simson Garfinkel},
	Editor_A = {Lorrie Cranor and Simson L. Garfinkel},
	Publisher = {O'Reilly},
	Title = {Lotus Notes/Domino: Embedding Security in Collaborative Applications},
	Year = 2005}

@incollection{hcisecbook:berson,
	Author = {Jordy Berson},
	Booktitle = {Security and Usability},
	Editor = {Lorrie Cranor and Simson Garfinkel},
	Editor_A = {Lorrie Cranor and Simson L. Garfinkel},
	Publisher = {O'Reilly},
	Title = {Creating Usable Security Products for Consumers},
	Year = 2005}

@incollection{hcisecbook:tog,
	Author = {Bruce Tognazzini},
	Booktitle = {Security and Usability},
	Editor = {Lorrie Cranor and Simson Garfinkel},
	Editor_A = {Lorrie Cranor and Simson L. Garfinkel},
	Publisher = {O'Reilly},
	Title = {Design for Usability},
	Year = 2005}

@incollection{hcisecbook:leder,
	Author = {Scott Lederer and Jason {I.} Hong and Anid {K.} Dey and James {A.} Landay},
	Booktitle = {Security and Usability},
	Editor = {Lorrie Cranor and Simson Garfinkel},
	Editor_A = {Lorrie Cranor and Simson L. Garfinkel},
	Publisher = {O'Reilly},
	Title = {Five Pitfalls in the Design for Privacy},
	Year = 2005}



@book{278230,
 author = {John C. Tang},
 title = {Eliminating a hardware switch: weighing economics and values in a design decision},
 book = {Human values and the design of computer technology},
 year = {1997},
 isbn = {1-57586-080-5},
 pages = {259--269},
 publisher = {Center for the Study of Language and Information},
 address = {Stanford, CA, USA},
 }

@inproceedings{304859,
 author = {Mary Ellen Zurko and Richard T. Simon},
 title = {User-centered security},
 booktitle = {NSPW '96: Proceedings of the 1996 workshop on New security paradigms},
 year = {1996},
 isbn = {0-89791-944-0},
 pages = {27--33},
 location = {Lake Arrowhead, California, United States},
 doi = {http://doi.acm.org/10.1145/304851.304859},
 publisher = {ACM Press},
 address = {New York, NY, USA},
 }

@inproceedings{ellison:improvements,
  title="Improvements on Conventional {PKI} Wisdom",
  booktitle="1st Annual {PKI} Research Workshop---Proceedings",
  location="Gaithersburg, MA",
  pages="165--175",
  author="Carl Ellison",
  year=2002,
  mon=Apr,
  url="http://www.cs.dartmouth.edu/~pki02/Ellison/",
  publisher="National Institutes of Standards and Technology"
}

@article{gutmann:pkidead,
  title="{PKI}: It's not dead, just resting",
  journal="Computer",
  publisher="IEEE",
   pages="41--49",
  volume=35,
  issue=8,
  month=Aug,
  year=2002,
  author="Peter Gutmann"
}

@misc{gutmann:pkidead_e,
  title="{PKI}: It's not dead, just resting",
  publisher="University of Auckland",
  month=Aug,
  year=2002,
  author="Peter Gutmann",
  url="http://www.cs.auckland.ac.nz/~pgut001/pubs/notdead.pdf",
  note="Extended article with many more citations on the author's home page"
}

@misc{lampson:computer_security_talk,
  author="Butler Lampson",
  year=2005,
  month=Mar # " 18 ",
  title="Computer Security in the Real World",
  note="Invited talk at Harvard University"
}

@incollection{nielsen:discount,
  title="Usability engineering at a discount",
  year=1989,
  editor="G.~Salvendy and M.~J.~Smith",
  booktitle="Designing and Using Human-Computer Interfaces and Knowledge Based Systems",
  publisher="Elsevier Science Publishers",
  location="Amsterdam",
  pages="394--401",
  author="Jakob Nielsen",
}

@article{nielsen:discount2,
  title="Big paybacks from `discount' usability engineering",
 journal="IEEE Software",
  volume=7,
 issue=3,
  month=May,
 pages="107--108",
  year=1990,
  author="Jakob Nielsen"
}

@article{nielsen:discount3,
  title="Guerrilla {HCI:} Using Discount Usability Engineering to Penetrate the Intimidation Barrier",
  author="Jakob Nielsen",
  year=1994,
  url="http://www.useit.com/papers/guerrilla_hci.html",
  journal="useit.com"
}


@article{gong:attacks,
  title="Protecting Poorly Chosen Secrets from Guessing Attacks",
  journal="IEEE Journal on Selected Areas in Communications",
  volume=11,
  number=5,
  month=Jun,
  year=1993,
  pages="648--656",
  author="Li Gong and {T.} Mark {A.} Lomas and Roger M. Needham and Jerome {H.} Saltzer"
}

@inproceedings{572029,
 author = {Henrik Artman},
 title = {Procurer usability requirements: negotiations in contract development},
 booktitle = {NordiCHI '02: Proceedings of the second Nordic conference on Human-computer interaction},
 year = {2002},
 isbn = {1-58113-616-1},
 pages = {61--70},
 location = {Aarhus, Denmark},
 doi = {http://doi.acm.org/10.1145/572020.572029},
 publisher = {ACM Press},
 }

@inproceedings{DBLP:conf/acsac/XuLS02,
  author    = {Donghua Xu and
               Chenghuai Lu and
               Andre Dos Santos},
  title     = {Protecting Web Usage of Credit Cards Using One-Time Pad
               Cookie Encryption.},
  booktitle = {ACSAC},
  year      = {2002},
  pages     = {51-60},
  ee        = {http://csdl.computer.org/comp/proceedings/acsac/2002/1828/00/18280051abs.htm},
  crossref  = {DBLP:conf/acsac/2002},
  bibsource = {DBLP, http://dblp.uni-trier.de}
}



@inproceedings{DBLP:conf/acsac/SchmidHG02,
  author    = {Matthew Schmid and
               Frank Hill and
               Anup K. Ghosh},
  title     = {Protecting Data from Malicious Software.},
  booktitle = {ACSAC},
  year      = {2002},
  pages     = {199-208},
  ee        = {http://csdl.computer.org/comp/proceedings/acsac/2002/1828/00/18280199abs.htm},
  crossref  = {DBLP:conf/acsac/2002},
  bibsource = {DBLP, http://dblp.uni-trier.de}
}

@proceedings{DBLP:conf/acsac/2002,
  title     = {18th Annual Computer Security Applications Conference (ACSAC
               2002), 9-13 December 2002, Las Vegas, NV, USA},
  booktitle = {ACSAC},
  publisher = {IEEE Computer Society},
  year      = {2002},
  isbn      = {0-7695-1828-1},
  bibsource = {DBLP, http://dblp.uni-trier.de}
}

@inproceedings{ perrig99hash,
    author = "Adrian Perrig and Dawn Song",
    title = "Hash Visualization: a New Technique to improve Real-World Security",
    booktitle = "Cryptographic Techniques and E-COmmerce: Proceedings of the 1999 International Workshop on Cryptographic Techniques and E-Commerce (CryTEC '99)",
    editor="Manuel Blum and {C.} {H.} Lee",
    pages = "131--138",
    year = "1999",
    url="citeseer.ist.psu.edu/perrig99hash.html",
    publisher="City University of Hong Kong Press"
 }

@inproceedings{ dhamija00hash,
  author = "Rachna Dhamija",
  title = "Hash visualization in user authentication",
  booktitle = " Proceedings of the Computer Human Interaction 2000 Conference.",
  year = "2000",
  month="April",
  url="citeseer.ist.psu.edu/dhamija00hash.html" ,
  publisher = "ACM Press"
}

@article{ gong93protecting,
    author = "L. Gong and M. A. Lomas and R. M. Needham and J. H. Saltzer",
    title = "Protecting Poorly Chosen Secrets from Guessing Attacks",
    journal = "{IEEE} Journal on Selected Areas in Communications",
    volume = "11",
    number = "5",
    pages = "648--656",
    year = "1993",
    url = "citeseer.csail.mit.edu/gong93protecting.html" }


@inproceedings{633455,
 author = {Rachna Dhamija},
 title = {Hash visualization in user authentication},
 booktitle = {CHI '00: CHI '00 extended abstracts on Human factors in computing systems},
 year = {2000},
 isbn = {1-58113-248-4},
 pages = {279--280},
 location = {The Hague, The Netherlands},
 doi = {http://doi.acm.org/10.1145/633292.633455},
 publisher = {ACM Press},
 }

@inproceedings{dhamijade,
    author = "Rachna Dhamija and Adrian Perrig",
    title = "{D}{\/e}j{\`a} Vu: {A} User Study Using Images for Authentication",    
    booktitle = "Proceedings of the 9th USENIX Security Symposium",
    year = "2000",
    url = "citeseer.ist.psu.edu/326534.html",
    publisher="Usenix"
 }


@inproceedings{784720,
 author = {Uwe Jendricke and Daniela Gerd tom Markotten},
 title = {Usability meets security - the Identity-Manager as your personal security assistant for the Internet},
 booktitle = {ACSAC '00: Proceedings of the 16th Annual Computer Security Applications Conference},
 year = {2000},
 month = {December},
 isbn = {0-7695-0859-6},
 pages = {344},
 publisher = {IEEE Computer Society},
 url={http://www.acsac.org/2000/papers/90.pdf},
 keywords = {identity management protection goals privacy pet} }


@inproceedings{ bellotti93design,
    author = "Bellotti, V. and Sellen, A.",
    title = "{D}esign for {P}rivacy in {U}biquitous {C}omputing {E}nvironments",
    booktitle = "Proceedings of the Third European Conference on Computer Supported Cooperative Work ({ECSCW}'93)",
    publisher = "Kluwer",
    pages = "77-92",
    year = "1993",
    url="citeseer.ist.psu.edu/bellotti93design.html" }

@inproceedings{945452,
 author = {Michael Kaminsky and George Savvides and David Mazieres and M. Frans Kaashoek},
 title = {Decentralized user authentication in a global file system},
 booktitle = {SOSP '03: Proceedings of the nineteenth ACM symposium on Operating systems principles},
 year = {2003},
 isbn = {1-58113-757-5},
 pages = {60--73},
 location = {Bolton Landing, NY, USA},
 doi = {http://doi.acm.org/10.1145/945445.945452},
 publisher = {ACM Press},
 }

@inproceedings{1005158,
 author = {Lorrie Faith Cranor},
 title = {'I didn't buy it for myself' privacy and ecommerce personalization},
 booktitle = {WPES '03: Proceedings of the 2003 ACM workshop on Privacy in the electronic society},
 year = {2003},
 isbn = {1-58113-776-1},
 pages = {111--117},
 location = {Washington, DC},
 doi = {http://doi.acm.org/10.1145/1005140.1005158},
 publisher = {ACM Press},
 }


@book{nielsen:93,
  title="Usability Engineering",
  author="Jakob Nielsen",
  publisher="Academic Press",
  year=1993
}

@book{csc-std-002-85,
 title="Department of Defense Password Management Guideline",
 url="http://www.fas.org/irp/nsa/rainbow/std002.htm",
 year=1985,
 month="April 12",
 note="CSC-STD-002-85",
 Author="{DoD CSC}",
 publisher="US DoD"
}

@article{359172,
 author = {Robert Morris and Ken Thompson},
 title = {Password security: a case history},
 journal = {Commun. ACM},
 volume = {22},
 number = {11},
 year = {1979},
 issn = {0001-0782},
 pages = {594--597},
 doi = {http://doi.acm.org/10.1145/359168.359172},
 publisher = {ACM Press},
 }


@article{pgp:risks:91,
  title="Public Key Crypto Freeware Protects E-MAIL",
  year="1991",
  month="June 7",
  author="Philip Zimmermann",
  journal="RISKS Digest"
}

  

@book{cooper:99,
title="The Inmates Are Running The Asylum",
author="Alan Cooper",
year="1999",
publisher="Sams",
address="Indianapolis, Indiana"
}

@misc{avweb97,
  title="American Airlines Flight 965: CVR/FDR Transcript",
  author="{The Editors of AVweb}",
  url="http://www.avweb.com/news/safety/183057-1.html",
  publisher="AVweb.com",
  year=1997,
  month=Jul # " 6 "
}


@book{ross99,
title="UNIX System Security Tools",
author="Seth T. Ross",
year="1999",
publisher="McGraw-Hill Osborne Media"
}

@misc{vu951555,
title="Microsoft Windows Universal Plug and Play (UPNP) vulnerable to buffer overflow via malformed advertisement packets",
url="http://www.kb.cert.org/vuls/id/951555",
year="2001",
author="Carnegie~Mellon~Software~Engineering~Institute"
}


@article{ibe,
 title="Identity Based Encryption from the {Weil} Pairing",
 author="Dan Boneh and Matthew Franklin",
 journal = "Lecture Notes in Computer Science",
 volume=2139,
 pages="213+",
 year=2001,
 url="citeseer.ist.psu.edu/article/boneh01identitybased.html" }


@misc{shredders,
  author = "Sarah Dean",
 url="http://www.fortunecity.com/skyscraper/true/882/Comparison_Shredders.htm"
}

@book{bhagwati:2000,
  title="The Wind of the Hundred Days: How Washington Mismanaged Globalization",
  year="2000",
  publisher="MIT Press",
  author="Jagdish Bhagwati"
}

@misc{grisoft,
  title="AVG Anti-Virus",
  year="2003",
  url="http://www.grisoft.com/",
  author="Grisoft Software"
}

@book{norman:88,
title="The Design of Everyday Things",
author="Donald A. Norman",
year="1988",
publisher="Doubleday"
}

@article{norman:83,
 title="Design Rules Based on Analyses of Human Error",
  author="Donald A. Norman",
 journal="Commun. ACM",
 month="April",
 year="1983",
 volume="26",
 number="4",
 page="254--258"
}

@book{johnson2000,
  title = "GUI Bloopers: Dont's and Do's for Software Developers and Web Designers",
  year = "2000",
  author = "Jeff Johnson",
  publisher = "Morgan Kaufmann Publishers"
}

@misc{pitac:2005,
  title="Cyber Security: A Crisis of Prioritization",
  author="{President's Information Technology Advisory Committee}",
  month=Feb,
  year=2005,
  note="Report to the President"
}

@misc{CRA2003,
 key="CRA",
 title="Four Grand Challenges in Trustworthy Computing",
 booktitle="{CRA} Conference on ``Grand Research Challenges in Information Security \& Assurance''",
 year=2003,
 month="November",
 url="http://www.cra.org/Activities/grand.challenges/security/home.html",
 organization="{Computer Research Association}"
}

@inproceedings{642636,
 author = {Nathaniel S. Good and Aaron Krekelberg},
 title = {Usability and privacy: a study of {Kazaa P2P} file-sharing},
 booktitle = {Proceedings of the conference on Human factors in computing systems},
 year = {2003},
 isbn = {1-58113-630-7},
 pages = {137--144},
 location = {Ft. Lauderdale, Florida, USA},
 doi = {http://doi.acm.org/10.1145/642611.642636},
 publisher = {ACM Press},
 }

@misc{koh78,
  author="Loren M. Kohnfelder",
  title="Towards a practical public-key cryptosystem",
  school="MIT",
  address="Cambridge, MA",
  month="May",
  year="1978",
  note="Undergraduate thesis supervised by L. Adleman"
}


@Misc{weise:2003,
  title =        "Security and Privacy in Radio-Frequency Identification
                 Devices",
  year =         "2003",
  author =       "S. A. Weis",
}

@Misc{juels03blocker,
  author =       "A. Juels and R. Rivest and M. Szydlo",
  title =        "The Blocker Tag: Selective Blocking of {RFID} Tags for
                 Consumer Privacy",
  text =         "Ari Juels, Ronald L. Rivest, and Michael Szydlo. The
                 Blocker Tag: Selective Blocking of {RFID} Tags for
                 Consumer Privacy. http://theory.lcs.mit.edu/rivest/,
                 May 2003. Submitted for publication.",
  year =         "2003",
  URL=         "citeseer.nj.nec.com/juels03blocker.html",
}

@Book{sendmail,
  title =        "sendmail, 3rd Edition",
  author =       "Bryan Costales and Eric Allman",
  year =         "2002",
  publisher =    "O'Reilly \& Associates",
}

@InProceedings{yee2002,
  author="Ka-Ping Yee",
  title="User Interaction Design for Secure Systems",
  year="2002",
  booktitle="Proceedings of the 4th International Conference on
Information and Communications Security",
  publisher="Springer-Verlag",
  note="LNCS 2513"
}

@proceedings{chi2003:hcisec,
  editor="Andrew Patrick and {A. }Chris Long and Scott Flinn",
  title="Workshop on Human-Computer Interaction and Security Systems, part of CHI2003",
  address="Fort Lauderdale, Florida",
  year=2003,
  month="April 5-10",
  url="http://www.andrewpatrick.ca/CHI2003/HCISEC/",
  publisher={ACM Press}
}

#
# CHI2003 Workshop                  

@inproceedings{can-ten,
  author = "Sacha Brostoff and {M.} Angela Sasse",
  title = "Ten strikes and you're out: Increasing the number of login attempts can improve password usability",
  year=2003,
  month="April",
  booktitle="Workshop on Human-Computer Interaction and Security Systems, part of CHI2003",
  url="citeseer.ist.psu.edu/618589.html" ,
  publisher={ACM Press}
}

@inproceedings{ paul:remote_voting,
  author = "Nathanael Paul and David Evans and Avi Rubin and Dan Wallach",
  title = "Authentication for Remote Voting",
  year=2003,
  month="April",
  booktitle="Workshop on Human-Computer Interaction and Security Systems, part of CHI2003",
  publisher = {ACM Press}
 }

@inproceedings{ sasse:disaster,
  author = "{M.} Angela Sasse",
  title = "Computer Security: Anatomy of a Usability Disaster, and a Plan for Recovery",
  year=2003,
  month="April",
  booktitle="Workshop on Human-Computer Interaction and Security Systems, part of CHI2003",
  url="citeseer.ist.psu.edu/618589.html",
  publisher = {ACM Press}
 }

@inproceedings{yee2003,
  author="Ka-Ping Yee",
  title="Secure Interaction Design and the Principle of Least Authority",
  year="2003",
  url="http://sims.berkeley.edu/~ping/sid/yee-sid-chi2003-workshop.pdf",
  booktitle="Workshop on Human-Computer Interaction and Security Systems, part of CHI2003",
  publisher="ACM SIGCHI"
}

@misc{yee2005,
  author="Ka-Ping Yee",
  title="Goals for Strategies for Secure Interaction Design",
  publisher="O'Reilly \& Associates",
  year=2005,
}

@inProceedings{clark85,
  author="D. D. Clark and D. R. Wilson.",
  title="A comparison of commercial and military computer security models.",
  booktitle="1987 IEEE Symposium on Security and Privacy",
  page="184--194",
  publisher="IEEE Computer Society Press",
  month="April",
  year="1987"
}

@article{whitten:hcisec-1,
  author="Alma Whitten",
  title="People to invite",
  year=2000,
  month="May 12",
  url="http://groups.yahoo.com/group/hcisec/message/1",
  journal="chisec@groups.yahoo.com"
}

@Article{adams:1999,
  author =       "Anne Adams and Martina Angela Sasse",
  title =        "Users Are Not The Enemy",
  journal =      "Communications of the ACM",
  volume =       "42",
  issue =        "12",
  pages =        "41--46",
  year =         "1999",
}

@phdthesis{baldwin:88,
  author =       "Robert W. Baldwin",
  title =        "Rule Based Analysis of Computer Security",
  misc =         "PhD thesis/Tech Report MIT/LCS/TR-401",
  address =      "Cambridge, MA 02139",
  month =        mar,
  year =         "1988",
  school = "Massachusetts Institute of Technology"
}

@Book{pereira,
author = "Mindy Pereira",
title="Trusted {S/MIME} Gateways",
note="Senior Honors Thesis: Winter/Spring 2003, Department of Computer Science, Dartmouth College",
publisher="Dartmouth College",
year="2003",
month="May"
}

@misc{smime_freeware,
title="S/MIME Freeware Library",
author="Bob Colestock",
url="http://www.digitalnet.com/knowledge/sfl_lib.htm"
}


@Misc{cfip73,
  year =         "1973",
  author =    "{U.S. Department of Health, Education and Welfare}",
  title =        "Secretary's Advisory Committee on Automated Personal
                 Data Systems, Records, Computers, and the Rights of
                 Citizens"
}

@misc{HIPPA,
   title="{Health Insurance Portability and Accountabaility Act} of 1996",
   year="1996",
   note="Public Law 104-191",
   url="http://aspe.hhs.gov/admnsimp/pl104191.htm",
   key="US"
}

@Misc{VISA97,
  year =         "1997",
  title =        "{SET} Secure Electornic Transaction Specification,
                 Version 1.0",
  URL=         "http://www.visa.com/set",
  key =          "VISA",
}

@inproceedings{DBLP:conf/crypto/ChaumFN88,
  author    = {David Chaum and
               Amos Fiat and
               Moni Naor},
  title     = {Untraceable Electronic Cash.},
  booktitle = {CRYPTO},
  year      = {1988},
  pages     = {319-327},
  ee        = {http://link.springer.de/link/service/series/0558/bibs/0403/04030319.htm},
  crossref  = {DBLP:conf/crypto/1988},
  bibsource = {DBLP, http://dblp.uni-trier.de}
}

@proceedings{DBLP:conf/crypto/1988,
  editor    = {Shafi Goldwasser},
  title     = {Advances in Cryptology - CRYPTO '88, 8th Annual International
               Cryptology Conference, Santa Barbara, California, USA, August
               21-25, 1988, Proceedings},
  booktitle = {CRYPTO},
  publisher = {Springer},
  series    = {Lecture Notes in Computer Science},
  volume    = {403},
  year      = {1990},
  isbn      = {3-540-97196-3},
  bibsource = {DBLP, http://dblp.uni-trier.de}
}



@Book{csi2003,
  key =          "Computer Security Institute",
  title =        "2003 {CSI}/{FBI} Computer Crime and Security Survey",
  year =         "2003",
  publisher =    "Computer Security Institute",
  author =       "{CSI}",
  url="http://i.cmpnet.com/gocsi/db_area/pdfs/fbi/FBI2003.pdf"
}

@Book{csi2004,
  key =          "Computer Security Institute",
  title =        "2004 {CSI}/{FBI} Computer Crime and Security Survey",
  year =         "2004",
  publisher =    "Computer Security Institute",
  author =       "{CSI}",
  url="http://i.cmpnet.com/gocsi/db_area/pdfs/fbi/FBI2004.pdf"
}

@InProceedings{farmer90,
  author =       "Dan Farmer and Eugene H. Spafford",
  title =        "The {COPS} Security Checker System",
  booktitle =    "the Summer Usenix Conference",
  address =      "Anaheim, CA, USA",
  year =         "1990",
}

@Misc{farmer95,
  author =       "Dan Farmer and Weitse Venema",
  title =        "Improving the Security of your Site by Breaking into It",
  year =         "1995",
  URL=         "ftp://ftp.win.tue.nl/pub/security/admin-guide-to-cracking.101.Z",
}

@Book{iss:2002,
  title =        "2002 Annual Report To Shareholders",
  year =         "2003",
  URL=         "http://media.corporate-ir.net/media_files/NSD/ISSX/reports/ar2002.pdf",
  publisher =    "Internet Security Systems",
  key =          "Internet Security Systems",
  author =       "{Internet Security Systems}",
}

@Book{mitnick:2002,
  author =       "Kevin {D.} Mitnick and William {L.} Simon",
  year =         "2002",
  title =        "The Art of Deception",
  publisher =    "John Wiley \& Sons",
}

@Article{saltzer:1975,
  author =       "Jerome H. Saltzer and Michael D. Schroeder",
  title =        "The Protection of Information in Computer Systems",
  year =         "1975",
  month =        sep,
  pages =        "1278--1308",
  volume =       "63",
  issue =        "9",
  journal =      "Proceedings of the IEEE",
  publisher =    "IEEE",
}

@InProceedings{tamu93,
  author =       "David R. Safford and Douglas Lee Schales and David K.
                 Hess",
  title =        "The {TAMU} Security Package: An Ongoing Response to
                 Internet Intruders in an Academic Environment",
  booktitle =    "Proceedings of the Fourth USENIX Security Symposium",
  year =         "1993",
}

@Book{schneier:2000,
  author =       "Bruce Schneier",
  publisher =    "John Wiley \& Sons",
  title =        "Secrets and Lies: Digital Security in a Networked World",
  year =         "2002",
}




@article{tenrisks,
 author = "Carl Ellison and Bruce Schneier",
 title = "Ten Risks of {PKI}: What You're not Being Told about Public Key Infrastructure",
 journal = "Computer Security Journal",
 volume="XVI",
 number="1",
 year="2000",
 page="1--7"
}

@InProceedings{whittenwhy,
  author =       "Alma Whitten and J. D. Tygar",
  title =        "Why {J}ohnny can't encrypt: {A} usability evaluation
                 of {PGP} 5.0",
  booktitle =    "8th USENIX Security Symposium",
  year =         "1999",
  URL=         "citeseer.nj.nec.com/whitten99why.html",
  pages = "169--184",
  publisher = "Usenix"
}

@inproceedings{gutmann:plug-and-play-pki,
  author="Peter Gutmann",
  booktitle="12th USENIX Security Symposium",
  pages="45--58",
  year=2003,
  location="Washington, D.C.",
  month=aug # " 4--8",
  title="Plug-and-play {PKI}: A {PKI} your Mother can Use",
  url="http://www.usenix.org/events/sec03/tech/gutmann.html",
  publisher="Usenix"
}

@inproceedings{whittenchi,
  booktitle="Workshop on Human-Computer Interaction and Security Systems, part of CHI2003", 
  author =       "Alma Whitten and J. D. Tygar",
  year =         "2003",
  title =        "Safe Staging for Computer Security",
  organization = "CHI",
  url="http://132.246.128.219/CHI2003/HCISEC/hcisec-workshop-whitten.pdf",
  publisher="ACM SIGCHI"
}

@techreport{ whitten98usability,
  author = "Alma Whitten and {J.} {D.} Tygar",
  title = "Usability of security: A case study",
  text = "Alma Whitten and J. D. Tygar. Usability of security: A case study. Technical
    Report CMU-CS-98-155, Carnegie Mellon University, Dec. 1998.",
  year = "1998",
  month = "December",
  url="citeseer.ist.psu.edu/whitten98usability.html",
  institution="Carnegie Mellon University"
}
  

@inproceedings{smithpki,
  author="Sean Smith",
  title="Position Paper: Effective {PKI} Requires Effective {HCI}",
  year="2003",
  booktitle="Workshop on Human-Computer Interaction and Security Systems, part of CHI2003", 
  url="http://www.cs.dartmouth.edu/~sws/papers/hci.pdf",
  publisher = {ACM Press}
}

@inproceedings{smith:path,
  author="Zishuang (Eileen) Ye and Sean Smith",
  title="Trusted Paths for Browsers",
  month="August",
  year="2002",
  booktitle="$11^{\mathrm{th}}$ Usenix Security Symposium",
  publisher="Usenix"
}
                  
@article{1065546,
 author = {Ye, Zishuang (Eileen) and Smith, Sean and Anthony, Denise},
 title = {Trusted paths for browsers},
 journal = {ACM Trans. Inf. Syst. Secur.},
 volume = {8},
 number = {2},
 year = {2005},
 issn = {1094-9224},
 pages = {153--186},
 doi = {http://doi.acm.org/10.1145/1065545.1065546},
 publisher = {ACM},
 address = {New York, NY, USA},
 }

@Misc{whittenweb,
  title =        "personal website.",
  author =       "Alma Whitten",
  year =         "2003",
  URL=         "http://www.gaudior.net/alma/",
  misc =         "Cited 9/1/2003",
}

@phdthesis{whitten04,
  title="Making Security Usable",
  author="Alma Whitten",
  year="2004",
  school="School of Computer Science, Carnegie Mellon University"
}
  




@Article{shankland99,
  author =       "Stephen Shankland",
  title =        "Email virus spreading rapidly",
  year =         "1999",
  URL=         "http://news.com.com/2100-1023-223602.html",
  journal =      "CNet",
}

@InProceedings{how-0wn,
  author =       "Stuart Staniford and Vern Paxson and Nicholas Weaver",
  title =        "How to 0wn the Internet in Your Spare Time",
  URL=         "citeseer.nj.nec.com/staniford02how.html",
  year =         "2002",
  booktitle =    "Proceedings of the 11th USENIX Security Symposium
                 (Security '02)",
  publisher = "Usenix"
}

@techreport{bell-lapadula,
  author =       "D. Bell and L. LaPadula",
  title =        "Secure computer systems: Mathematical foundations and
                 model. Report {MTR} 2547 v2",
  year =         "1973",
  institution =    "MITRE",
  month =        nov,
}

@techreport{bell-lapadula2,
  author="D.E. Bell and L. J. LaPadula",
  title="Secure Computer Systems: Mathematical Foundations",
  address="Bedford, Mass",
  institution="Air Force Electronic Systems Division",
  month=Nov,
  year=1973,
  shorttitle="ESD-TR-73-278",
  volume=1
}

@Misc{idc,
  author =       "Dave Reinsel",
  month =        "23 " # sep,
  year =         "2002",
  title =        "Personal Communication",
  organization = "IDC",
}

@Misc{dataquest,
  author =       "John Monroe",
  month =        "September 23",
  year =         "2002",
  title =        "Personal Communication",
  organization = "Gartner Dataquest",
}

@Misc{dataquest:drives:05,
  author =       "John Monroe",
  month =        23 # Aug,
  year =         2005,
  title =        "Personal Communication",
  organization = "Gartner Dataquest",
}

@Misc{penn:millar,
  title =        "Clean out Old Computers Before Selling/Donating",
  author =       "Dave Millar",
  organization = "University of Pennsylvania",
  year =         "1997",
  month =        jun,
  url=        "http://www.upenn.edu/computing/security/advisories/old_computers.html",
}

@Misc{pgp:disk,
  key = "PGP",
  title =        "{PGP}disk",
  year =         "1998",
  url ="http://www.pgpi.org/products/pgpdisk",
  note =         "version 6.02"
}

@Article{nyt:tempe,
  author =       "John Markoff",
  year =         "1997",
  month =        "April",
  journal =      "New York Times",
  title =        "Patient Files Turn Up in Used Computer",
}

@Misc{sourceforge:wipe,
  url=        "http://sourceforge.net/projects/wipe",
  author =       "Tom Vier",
  title =        "Wipe 2.1.0",
  year =         "2002",
  month =        "14 " # aug,
}

@Article{cio:berinato,
  author =       "Scott Berinato",
  title =        "Good Stuff Cheap: {A} new hardware market is
                 developing to give {CIOs} what they want most: good
                 stuff cheap. {This} is its story.",
  journal =      "CIO",
  year =         "2002",
  month =        "15 " # oct,
  pages =        "53--59",
}

@Misc{maxstor:interview1,
  author =       "Mike Dooley and Scott Stetzer",
  company =      "Maxstor",
  year =         "2002",
  month =        "25 " # sep,
  note =         "Telephone interview.",
}

@book{ncsc-tg-025,
  key = "NCSC",
  title =        "A Guide to Understanding Data Remanence in Automated
                 Information Systems",
  publisher = "National Computer Security Center",
  year =         "1991",
  note =         "NCSC-TG-025, Library No. 5-236,082",
  url="http://www.fas.org/irp/nsa/rainbow/tg025-2.htm",
  author="James K. Goldston"
}

@Article{nyt:villano,
  author =       "Matt Villano",
  title =        "Hard-Drive Magic: Making Data Disappear Forever",
  journal =      "New York Times",
  month =        "May 2",
  year =         "2002",
}

@inproceedings{blaze:cfs,
  author =       "Matt Blaze",
  title =        "A cryptographic file system for {Unix}",
  booktitle =    "1st ACM Conference on Communications and Computing
                 Security",
  pages =        "9--16",
  month =        nov,
  year =         "1993",
  publisher = {ACM Press}
}

@Misc{microsoft:efs,
  title =        "Encrypting File System in Windows XP and WIndows Server 2003",
  author =       "Microsoft",
  url=        "www.microsoft.com/technet/ prodtechnol/winxppro/deploy/cryptfs.mspx",
  month="August 1",
  year="2002",
  note="Updated April 11, 2003; cited November 11, 2004"
}



@Misc{microsoft:fat,
  title =        "Microsoft Extensible Firmware Initiative {FAT32} File
                 System Specification",
  author =       "Microsoft",
  url =         "http://www.microsoft.com/hwdev/download/hardware/fatgen103.pdf",
  month =        "December 6",
  year =         "2000",
}

@Article{fcw:hasson,
  author =       "Judi Hasson",
  title =        "{VA} toughens security after {PC} disposal blunders",
  journal =      "Federal Computer Week",
  month =        "August 26",
  year =         "2002",
}

@Article{nfn:lyman,
  author =       "Jay Lyman",
  title =        "Troubled Dot-Coms May Expose Confidential Client
                 Data",
  journal =      "NewsFactor Network",
  month =        "August 8",
  year =         "2001",
  url =         "http://www.newsfactor.com/perl/story/12612.html",
}

@inproceedings{gifford:sfs,
  author =       "David K Gifford and Pierre Jouvelot and Mark A.
                 Sheldon and James O'Toole Jr.",
  title =        "Semantic File Systems",
  organization = {ACM Press},
  booktitle =    "Proceedings of the 13th ACM Symposium on Operating
                 Systems Principles",
  year =         "1991",
  publisher      = {ACM Press}
}

@inproceedings{gutmann:96,
  author =       "Peter Gutmann",
  title =        "Secure Deletion of Data from Magnetic and Solid-State
                 Memory",
  booktitle =    "Sixth USENIX Security Symposium Proceedings",
  publisher   = "Usenix",
  address =      "San Jose, California",
  month =        "July 22-25",
  year =         "1996",
  url=        "http://www.cs.auckland.ac.nz/~pgut001/pubs/secure_del.html",
  note="Online paper has been updated since presentation in 1996"
}

@misc{ftc:phishing2003,
  title="Identity Thief Goes ``Phishing'' for Consumers' Credit Information",
  year="2003",
  month = "July 21",
  url="http://www.ftc.gov/opa/2003/07/phishing.htm",
  author = "{Federal~Trade~Comission}",
  key="Federal Trade Comission",
  url = "http://www.ftc.gov/opa/2003/07/phishing.htm"
 }

@article{rogers:postcard,
  author="Larry Rogers",
  title="Email--A Postcard Written in Pencil",
  url="http://www.cert.org/homeusers/email_postcard.html",
  journal="CERT Coordination Center",
  year="2004"
}


@inproceedings{gutmann:why04,
 author="Peter Gutmann",
 year="2004",
 month="May",
 title="Why isn't the {I}nternet Secure Yet, Dammit",
 booktitle="AusCERT Asia Pacific Information Technology Security Conference 2004; Computer Security: Are we there yet?",
 url="http://www.cs.auckland.ac.nz/~pgut001/pubs/dammit.pdf",
  publisher="AusCERT"
}



@misc{orangebook,
 organization="US Department of Defense",
 title="Trusted Computer System Evaluation",
 year="1985",
 note="DOD 5200.28-STD",
 author="Assistant~Security~Of~Defense~Command,~Control,~Communications~And~Intelligence",
 url="http://www.radium.ncsc.mil/tpep/library/rainbow/5200.28-STD.html"
}

@Misc{dod:matrix,
  organization = "US Department of Defense",
  number =       "DOS 5220.22-M",
  title =        "Cleaning and Sanitization Matrix",
  year = "1995",
  month = Jan, 
  key = "DoD",
  url="www.dss.mil/isec/nispom_0195.htm",
  note = "Chapter 8"
}

@Misc{milspec,
  url=        "http://www.dss.mil/isec/nispom.htm [Chapter 8]",
}

@InProceedings{forget:secret,
  title =        "How to Forget a Secret",
  author =       "Giovanni Di Crescenzo and Niels Fergurson and Russell
                 Impagliazzo and Markus Jakobsson",
  booktitle =   "16th International Symposium on Theoretical Aspects of
                 Computer Science (STACS '99)",
  year =         "1999",
  publisher =    "Springer Verlag",
  pages =        "500--509",
  misc =         "http://www.macfergus.com/niels/pubs/forget.html",
}

@inproceedings{ylonen96ssh,
  author =       "T. Ylonen",
  title =        "{SSH} - Secure login connections over the {Internet}",
  booktitle =       "Proceedings of the 6th Security Symposium) (USENIX
                 Association: Berkeley, CA)",
  pages =        "37",
  year =         "1996",
  URL=         "http://citeseer.nj.nec.com/ylonen96ssh.html",
  publisher="Usenix"
}

@Misc{ssltls,
  author =       "A. O. Freier and P. Karltrons",
  year =         "1996",
  title =        "The {SSL} Protocol",
  publisher =    "Netscape Communiaitons",
  URL=         "http://wp.netscape.com/eng/ssl3/ssl-toc.html",
}

@Misc{gpgmail,
  author =       "Sen:te",
  URL=         "http://www.sente.ch/software/GPGMail/English.lproj/GPGMail.html",
  year =         "2002",
}

@InProceedings{rekimoto99timemachine,
  author =       "Jun Rekimoto",
  title =        "Time-Machine Computing: {A} Time-Centric Approach for
                 the Information Environment",
  booktitle =    "{ACM} Symposium on User Interface Software and
                 Technology",
  pages =        "45--54",
  year =         "1999",
  URL=         "citeseer.nj.nec.com/rekimoto99timemachine.html",
  publisher={ACM Press}
}

@Misc{fips:112,
  title =        "Password Usage",
  URL=         "http://www.itl.nist.gov/fipspubs/fip112.htm",
  year =         "1985",
  organization = "Information Technology Laboratory",
  key = "NIST"
}

@Misc{fips:181,
  title =        "Automated Password Generator (APG)",
  URL=         "http://www.itl.nist.gov/fipspubs/fip181.htm",
  year =         "1993",
  organization = "Information Technology Laboratory",
  key = "NIST"
}

@misc{porter:Crypt::RandPasswd,
   author="John D. Porter",
   title="Crypt::RandPasswd",
   url="http://search.cpan.org/~jdporter/Crypt-RandPasswd-0.02/lib/Crypt/RandPasswd.pm",
   year=2000
}
   

@Misc{cissp,
	title = "About {CISSP} Certification",
	url="https://www.isc2.org/cgi/content.cgi?category=19",
	year="2003",
	author="International~Information~Systems~Security~Certifications~Consortium",
 key="ISC"
}



@misc{smime_freeware,
title="S/MIME Freeware Library",
author="Bob Colestock",
url="http://www.digitalnet.com/knowledge/sfl_lib.htm"
}

@inproceedings{schechter03,
  title="How Much Security is Enough to Stop a Thief?",
  author="Stuart E. Schechter and Michael D. Smith",
  inproceedings="The Seventh International Financial Cryptography Conference",
  address="Gosier, Guadeloupe",
  month="January",
  year="2003"
}

@misc{odlyzko03,
title="Economics, Psychology, and Sociology of Security",
author="Andrew Odlyzko",
year="2003",
url="http://www.dtc.umn.edu/~odlyzko",
note="unpublished"
}

@book{zimmermann:95,
author="Philip R. Zimmermann",
title="The Official {PGP} User's Guide",
year="1995",
publisher="MIT Press"
}

@misc{uk:eca2000,
author="Crown Copyright",
year="2000",
title="Electronic Communications Act 2000",
url="http://www.hmso.gov.uk/acts/acts2000/20000007.htm"
}

@misc{gvu:10,
 title="{GVU}'s Tenth {WWW} User Survey Results",
 year="1999",
 url="http://www.cc.gatech.edu/gvu/user_surveys/survey-1998-10/",
 key = "GVU",
 author = "{GVU}"
 }

@misc{marsh:2003,
 title="Digital Signatures",
 author="David Marsh",
 note="University of Northumbria at Newcastle",
 publisher="University of Northumbria at Newcastle",
 year="2003",
 url="http://ebusiness.unn.ac.uk/info_display.cfm?catid=17&id=78&sub1=Law&sub2=Digital%20Signatures"
}

@misc{ssh-protocol,
  title="{SSH} Protocol Architecture",
  note="Work in Progress",
  author="T. Ylonen and \textit{et al.}",
  year="1998",
  month="August",
  key="Ylonen"
}

@misc{domainkeys,
 title="Domain-based Email Authentication Using Public-Keys Advertised in the {DNS} (DomainKeys)",
 month="August",
 year="2004",
 author="Mark Delany",
 note="INTERNET DRAFT"
}

@misc{verisign:class1,
  title="Digital IDs for Secure Email",
  author="VeriSign",
  year="2004",
  url="http://www.verisign.com/products-services/security-services/pki/pki-application/email-digital-id/page_dev004002.html"
}

@misc{sophos:W32/Rbot-GR,
 title="W32/Rbot-GR",
 author="Sophos",
 year="2004",
 month="October",
 url="http://www.sophos.com/virusinfo/analyses/w32rbotgr.html"
}

@article{leyden:W32/Rbot-GR,
 title="Meet the Peeping Tom worm",
 author="John Leyden",
 month="August",
 year="2004",
 url="http://www.theregister.co.uk/2004/08/23/peeping_tom_worm/",
 journal="The Register"
}

@misc{apple2002,
  author="Apple~Computer",
  title="Aqua Human Interface Guidelines",
  year="2002",
  url="http://developer.apple.com/documentation/UserExperience/Conceptual/AquaHIGuidelines/AquaHIGuidelines.pdf",
}

@misc{apple:2004_hig_march,
  key="Apple",
  title="Apple Human Interface Guidelines",
  year="2004",
  month="March",
  author="{Apple Computer}",
  url="http://developer.apple.com/documentation/UserExperience/Conceptual/OSXHIGuidelines/OSXHIGuidelines.pdf"
}
  
@misc{apple:2004_hig_october,
  author="{Apple Computer}",
  title="Apple Human Interface Guidelines",
  year=2004,
  month=Oct,
  url="http://developer.apple.com/documentation/UserExperience/Conceptual/OSXHIGuidelines/OSXHIGuidelines.pdf"
}
  
@misc{apple:2004_hig_december,
  author="{Apple Computer}",
  title="Apple Human Interface Guidelines",
  year=2004,
  month=Dec,
  url="http://developer.apple.com/documentation/UserExperience/Conceptual/OSXHIGuidelines/OSXHIGuidelines.pdf"
}
  
@misc{apple:2004_sdg,
  author="{Apple Computer}",
  title="Apple Software Design Guidelines",
  year=2004,
  month="May",
  url="http://developer.apple.com/documentation/MacOSX/Conceptual/AppleSWDesign/AppleSWDesign.pdf"
}

@misc{apple:2004_keychain,
  author="{Apple Computer}",
  title="Enabling Secure Storage With Keychain Services",
  year=2004,
  month="June",
  key="Apple",
  url="http://developer.apple.com/documentation/Security/Conceptual/keychainServConcepts/keychainServConcepts.pdf"
}


@misc{apple:isight,
 author="Apple~Computer",
 title="Hardware---{iSight}",
 url="http://www.apple.com/isight/",
 note="Cited September 18, 2004",
 key="Apple",
 year=2004
}


@techreport{bluetooth:security_whitepaper,
  title="Bluetooth\texttrademark{} Security White Paper",
  author="Christian Gehrmann",
  institution="Bluetooth SIG Security Expert Group",
  year="2002",
  month="may",
  url="https://www.bluetooth.org/foundry/sitecontent/document/security_whitepaper_v1",
  note="Version 1.01"
}

@book{technobabble,
  title="Technobabble",
  author="John A. Barry",
  year=1991,
  publisher="MIT Press"
}


@misc{us:3541541,
  year="1967",
  month="June",
  author="D. C. Engelbart",
  note="US Patent 3,541,541",
  title="X-Y Position Indicator For A Display System"
}

@book{clr,
  title="Introduction to Algorithms",
  publisher="The MIT Press",
  year="1990",
  author="Thomas H. Cormen and Charles E. Leiserson and Ronald L. Rivest"
}

@book{clr2,
  title="Introduction to Algorithms, Second Edition",
  publisher="The MIT Press",
  year="2001",
  author="Thomas H. Cormen and Charles E. Leiserson and Ronald L. Rivest and Clifford Stein"
}

@book{ferguson03,
 title="Practical Cryptography",
 author="Niels Ferguson and Bruce Schneier",
 year="2003",
 publisher="Wiley Publishing"
}

@book{schneier96,
 title="Applied Cryptography",
 author="Bruce Schneier",
 year="1996",
 publisher="John Wiley \& Sons"
}

@book{stallings03,
  title="Cryptography and Network Security",
  author="William Stallings",
  year=2003,
  publisher="Prentice Hall"
}

@book{salomaa96,
  title="Public Key Cryptography",
  author="Arto Salomaa",
  year=1996,
  publisher="Springer-Verlag"
}

@article{ diffie76new,
    author = "Whitfield Diffie and Martin E. Hellman",
    title = "New Directions in Cryptography",
    journal = "IEEE Transactions on Information Theory",
    volume = "IT-22",
    number = "6",
    pages = "644--654",
    date = "November 1976",
    year = "1976",
    url="citeseer.ist.psu.edu/diffie76new.html" }

@techreport{ rivest77method,
    author = "R. L. Rivest and A. Shamir and L. M. Adelman",
    title = "A {METHOD} {FOR} {OBTAINING} {DIGITAL} {SIGNATURES} {AND} {PUBLIC}-{KEY} {CRYPTOSYSTEMS}",
    number = "MIT/LCS/TM-82",
    pages = "15",
    year = "1977",
    institution="Massachusetts Institute of Technology",
    url = "http://citeseer.ist.psu.edu/rivest78method.html" }


@misc{bishop:96,
 title="UNIX Security: Threats and Solutions",
 note="Presentation to SHARE 86.0",
 year="1996",
 month="March",
 author="Matt Bishop",
 url="http://seclab.cs.ucdavis.edu/projects/vulnerabilities/scriv/1996-share86.pdf"
}

@misc{WUPSS,
 title={{DIMACS} Workshop on Usable Privacy and Security Software},
 year=2004,
 month="July",
 url="http://dimacs.rutgers.edu/Workshops/Tools/",
 key="DIMACS",
 author="Lorrie Cranor and Mark Ackerman and Fabian Monrose and Andrew Patrick and Norman Sadeh",
 author_a="Lorrie Cranor and Mark S. Ackerman and Fabian Monrose and Andrew Patrick and Norman Sadeh"
}

@inproceedings{ jermyndesign,
    author = "Ian Jermyn and Alain Mayer and Fabian Monrose and Michael K. Reiter and Aviel D. Rubin",
    title = "The Design and Analysis of Graphical Passwords",
    booktitle ="8th USENIX Security Symposium",
    url="http://citeseer.ist.psu.edu/jermyn99design.html",
    year=1999,
    publisher="Usenix",
    month="August"
}

@inproceedings{sound_and_images,
  author="Jim Liddell and Karen Renaud and Antonella De Angeli",
  title="using a combination of sound and images to authenticate web users",
  year=2003,
  note="Short Paper",
  booktitle="17th Annual Human Computer Interaction Conference. Designing for Society",
  location={Bath, England},
  month="September",
  publisher={ACM Press}
}

@inproceedings{632875,
 author = {Mark S. Ackerman and Lorrie Cranor},
 title = {Privacy critics: UI components to safeguard users' privacy},
 booktitle = {CHI '99: CHI '99 extended abstracts on Human factors in computing systems},
 year = {1999},
 isbn = {1-58113-158-5},
 pages = {258--259},
 location = {Pittsburgh, Pennsylvania},
 doi = {http://doi.acm.org/10.1145/632716.632875},
 publisher = {ACM Press},
 }

@inproceedings{644528,
 author = {Lorrie Faith Cranor and Manjula Arjula and Praveen Guduru},
 title = {Use of a {P3P} user agent by early adopters},
 booktitle = {WPES '02: Proceedings of the 2002 ACM workshop on Privacy in the Electronic Society},
 year = {2002},
 isbn = {1-58113-633-1},
 pages = {1--10},
 location = {Washington, DC},
 doi = {http://doi.acm.org/10.1145/644527.644528},
 publisher = {ACM Press},
 }

@techreport{ landwehr93taxonomy,
    author = "Carl E. Landwehr and Alan R. Bull and John P. McDermott and William S. Choi",
    title = "A Taxonomy of Computer Program Security Flaws, with Examples",
    year = "1993",
   month="November",
    institution="Naval Research Laboratory",
    url="citeseer.ist.psu.edu/landwehr93taxonomy.html" 
}

@techreport{esd-tr-73-51,
  institute="AFSC",
  author="J. P. Anderson",
  title="Computer Security Technology Planning Study",
  volume="I and II",
  note="ESD-TR-73-51, NTIS AD758206",
  address="Hanscom Field, Bedford, MA",
  year="1972",
  month="October",
  institution="Air Force Systems Command",
}

@book{tanenbaum:1987,
  author="Andrew S. Tanenbaum",
  title="Operating System Design and Implemention",
  publisher="Prentice-Hall",
  address="Englewood Cliffs, NJ",
  year=1987
}

  
@inbook{hcisec:zurko,
  author="Mary Ellen Zurko",
  chapter="Embedding Security in Collaborative Applications: A Lotus Notes/Domino Perspective",
  title="Designing Secure Systems that People Can Use",
  year=2005,
  publisher="O'Reilly"
}
  

@article{619982,
 author = {Jakob Nielsen},
 title = {Iterative User-Interface Design},
 journal = {Computer},
 volume = {26},
 number = {11},
 year = {1993},
 issn = {0018-9162},
 pages = {32--41},
 doi = {http://dx.doi.org/10.1109/2.241424},
 publisher = {IEEE Computer Society Press},
 }


@inproceedings{ kim94design,
    author = "Gene H. Kim and Eugene H. Spafford",
    title = "The Design and Implementation of Tripwire: A File System Integrity Checker",
    booktitle = "{ACM} Conference on Computer and Communications Security",
    pages = "18-29",
    year = "1994",
    url="citeseer.ist.psu.edu/article/kim93design.html",
    publisher = {ACM Press}
}

@misc{sad:sad:sad,
   title="Looking for God in All the Wrong Places",
   author="Hillary Frank and Amy Dorn",
   note = "Originally produced as ``Sad, Sad, Sad'' for Chicago Matters, a public information series on Chicago Public Radio",
   publisher="National Public Radio",
   url="http://weekendamerica.publicradio.org/programs/index_20040710.html",
   month="July",
   year="2004"
}

@article{ bentley99ssmail,
    author = "D. Bentley and G. Rose and T. Whalen",
    title = "ssmail: Opportunistic encryption in sendmail",
    journal = "Proceedings of the Thirteenth Systems Administration Conference (LISA XIII) (USENIX Association: Berkeley, CA)",
    pages = "1",
    year = "1999",
    url="citeseer.ist.psu.edu/bentley99ssmail.html" }

@inproceedings{throttle03,
  booktitle="12th Usenix Security Symposium",
  title="Implementing and testing a virus throttle",
  author="Jamie Twycross and Matthew M. Williamson",
  year=2003,
  url="http://www.usenix.org/events/sec03/tech/full_papers/twycross/twycross_html/implementation.html",
  publisher="Usenix"
}

@inproceedings{crescenzo-how0,
  title="How to Forget a Secret",
  author="Giovannissell Di Crescenzo and Niels Ferguson and Russell Impagliazzo and Markus Jakobsson",
  booktitle="STACS 99",
  publisher="Springer Verlag",
  year="1999",
  note="Lecture Notes in Computer Science 1563",
  url="http://www.macfergus.com/pub/forget.html",
  pages="500--509"
}

@misc{ crescenzo-how,
  author = "G. Di Crescenzo and et al.",
  title = "How to Forget a Secret (Extended Abstract)",
  url="citeseer.ist.psu.edu/198057.html" }

@book{nanavati:biometrics,
    author="Samir Nanavati and Michael Thieme and Raj Nanavati",
    year="2002",
    publisher="John Wiley \& Sons, Inc.",
    title="Biometrics: Identity Verification in a Networked World"}
    

@inproceedings{ stajanoresurrecting,
    author = "Frank Stajano and Ross Anderson",
    title = "The Resurrecting Duckling: Security Issues for Ad-hoc Wireless Networks",
    pages = "172--194",
    url="citeseer.ist.psu.edu/stajano99resurrecting.html",
    year = 1999,
    month="September 15",
    booktitle="1999 AT\&T Software Symposium",
    publisher = "AT\&T"
 }

@misc{ throttle-design,
  author = "Matthew M. Williamson",
  title = "Design, Implementation and Test of an Email Virus Throttle",
  url="citeseer.ist.psu.edu/705198.html" ,
  year=2003,
  month="June",
  note="HPL-2003-118"
}


@inproceedings{ chimera94exploratory,
    author = "R. Chimera and K. Wolman and S. Mark and B. Shneiderman",
    title = "An Exploratory Evaluation of Three Interfaces for Browsing Large Hierarchical Tables of Contents",
    booktitle = "{ACM} Transactions on Information Systems, 12, 4",
    pages = "383--406",
    year = "1994",
    url="http://citeseer.ist.psu.edu/chimera94exploratory.html" }

@inproceedings{ borgman90,
  author="C. L. Borgman and A. L. Gallagher and D. Krieger and J. Bower",
  title="Children's use of an interactive catalog of science materials",
  booktitle="Proceedings of the 53rd American Society for Information Science Annual Meeting",
  year=1990,
  pages="55--68"
}

@article{thompson71,
year=1971,
 title="Interface design for an interactive information retrieval system: A literature survey and a research system description",
  journal="Journal of the American Information Society of Information Science", 
  author="D. A. Thompson",
  volume=22,
  issue=6,
  pages="361--373"
}

@article{65948,
 author = {F. R. Campagnoni and Kate Ehrlich},
 title = {Information retrieval using a hypertext-based help system},
 journal = {ACM Trans. Inf. Syst.},
 volume = {7},
 number = {3},
 year = {1989},
 issn = {1046-8188},
 pages = {271--291},
 doi = {http://doi.acm.org/10.1145/65943.65948},
 publisher = {ACM Press}
 }

@inproceedings{725160,
 author = {T. T. Carey and W. T. Hunt and Alex Lopez-Suarez},
 title = {Roles for tables of contents as hypertext overviews},
 booktitle = {Proceedings of the IFIP TC13 Third Interantional Conference on Human-Computer Interaction},
 year = {1990},
 isbn = {0-444-88817-9},
 pages = {581--586},
 publisher = {North-Holland}
 }

@article{marchionin87,
  author="G. Marchionini",
  year=1987,
  title="An invitation to browse: Designing full-text systems for novice users",
  journal="Canadian Journal of Information Science",
  volume=3,
  issue="3/4",
  pages="69--79"
}


@misc{webpwdhash,
   author="Blake Ross and Dan Boneh and John C. Mitchell",
   title="A Simple Solution to the Unique Password Problem",
   url="http://crypto.stanford.edu/PwdHash/",
   year=2004,
   note="Cited on November 29, 2004"
}

@article{morgan04,
  author="M. Granger Morgan and Elaine Newton",
  title="Protecting Public Anonymity",
  journal="Issues in Science and Technology",
  month="Fall",
  year=2004,
  pages="83--90"
}

@article{315716,
 author = {Brian Reid},
 title = {Reflections on Some Recent Widespread Computer Break-Ins},
 journal = {Commun. ACM},
 volume = {30},
 number = {2},
 year = {1987},
 issn = {0001-0782},
 pages = {103--105},
 doi = {http://doi.acm.org/10.1145/12527.315716},
 publisher = {ACM Press},
 }


@book{wood:87,
  title="Computer Security: A Comprehensive Controls Checklist",
  author="Charles Cresson Wood and William {W.} Banks and Sergio {B.} Guarro and Abel {A.} Garcia and Viktor {E.} Hampel and Henry {P.} Sartorio",
  note="Edited by Abel {A.} Garcia",
  year=1987,
  publisher="John Wiley \& Sons",
}

@inproceedings{karat:1989,
  title="Iterative Usability Testing of a Security Application",
  author="Clare-Marie Karat",
  booktitle="Proceedings of the Human Factors Society 33rd Annual Meeting---1989",
  year=1989,
  pages="273--277",
  publisher="Human Factors \& Ergonomics Society"
}


@inproceedings{844117,
 author = {D. K. Smetters and R. E. Grinter},
 title = {Moving from the design of usable security technologies to the design of useful secure applications},
 booktitle = {NSPW '02: Proceedings of the 2002 workshop on New security paradigms},
 year = {2002},
 isbn = {1-58113-598-X},
 pages = {82--89},
 location = {Virginia Beach, Virginia},
 doi = {http://doi.acm.org/10.1145/844102.844117},
 publisher = {ACM Press},
 }

@article{sp25:balfanz,
  title="In search of usable security: five lessons from the field",
  author="Dirk Balfanz and Glenn Durfee and {D.} {K.} Smetters and {R.} {E.} Grinter",
  journal="Security \& Privacy Magazine",
  publisher="IEEE",
  volume="2",
  issue="5",
  month="Sept--Oct",
  year=2004,
  pages="19--24"
}

@article{sp25:yan,
  title="Password memorability and security: empirical results",
  author="Jeff Yan and Alan Blackwell and Ross Anderson and Alasdair Grant",
  journal="Security \& Privacy Magazine",
  publisher="IEEE",
  volume="2",
  issue="5",
  month="Sept--Oct",
  year=2004,
  pages="25--31"
}

@article{sp25:just,
  title="Designing and evaluating challenge-question systems",
  author="Mike Just",
  journal="Security \& Privacy Magazine",
  publisher="IEEE",
  volume="2",
  issue="5",
  month="Sept--Oct",
  year=2004,
  pages="32--39"
}

@article{sp25:peacock,
  title="Typing patterns: a key to user identification",
  author="Alan Peacock and Xian Ke and Matthew Wilkerson",
  journal="Security \& Privacy Magazine",
  publisher="IEEE",
  volume="2",
  issue="5",
  month="Sept--Oct",
  year=2004,
  pages="40--47"
}

@article{sp25:yee,
  title="Aligning security and usability",
  author="Ka-Ping Yee",
  journal="Security \& Privacy Magazine",
  publisher="IEEE",
  volume="2",
  issue="5",
  month="Sept--Oct",
  year=2004,
  pages="48--55"
}

@article{ethical-email,
  title="The Ethical and Legal Quandary of Email Privacy",
  journal="Communications of the ACM",
  volume=38,
  number=12,
  month="December",
  year=1995,
  pages="48--54",
  author="Janice C. Sipior"
}

@article{ms:rms,
  author="Alok Mehta",
  title="Information Rights Management in Office 2003",
  year=2005,
  month="Winter",
  url="www.microsoft.com/technet/technetmag/issues/2005/01/OfficeSpace",
  publisher="Microsoft",
  journal="TechNet"
}

@misc{spoofguard,
  title="Client-side defense against web-based identity theft",
  author="Neil Chou and  Robert Ledesma and  Yuka Teraguchi and Dan Boneh and John C. Mitchell",
  url="http://crypto.stanford.edu/SpoofGuard/webspoof.pdf",
  year=2004
}

@article{131006,
 author = {Peter Coad},
 title = {Object-oriented patterns},
 journal = {Commun. ACM},
 volume = {35},
 number = {9},
 year = {1992},
 issn = {0001-0782},
 pages = {152--159},
 doi = {http://doi.acm.org/10.1145/130994.131006},
 publisher = {ACM Press},
 address = {New York, NY, USA},
 }

@inproceedings{johnson:oopsla91,
 author = {R. Johnson and R. Wlrts-trock},
 title = {Object-oriented frameworks. Tutorial Notes.},
 booktitle = {OOPSLA '91: Conference proceedings on Object-oriented programming systems, languages, and applications},
 year = {1991},
 location = {Phoenix, Arizona, United States},
 publisher = {ACM Press},
 address = {New York, NY, USA},
 }

@misc{pointsec:fiver,
  url="http://www.pointsec.com/news/news_pressrelease.asp?PressID=2004_June_8",
  title="A fiver buys access \& log-in codes to major financial services group",
  month=Jun # " 8 ",
  year=2004,
  author="Pointsec~Mobile~Technologies"
}

@misc{oo:data_data_everywhere2004,
  url="http://www.oo-software.com/en/study/",
  title="Data, Data Everywhere: Study on data protection for used hard disks",
  author="Olaf Kehrer", 
  month=Apr,
  year=2004
}

@misc{oo:data_data_everywhere2005,
  url="http://www.oo-software.com/en/study/study_ddd2005_en.pdf",
  title="Data Data Everywhere 2005",
  author="Olaf Kehrer", 
  month=May,
  year=2005
}

@misc{dci:6/3,
  url="http://www.fas.org/irp/offdocs/dcid.htm",
  title="Protecting Sensitive Compartmented Information Within Information Systems",
  year=1999,
  month=05 # Jun,
  author="{Director of Central Intelligence}",
  organization="US Government"
}

@misc{ccnv1,
  title="Credit Card Validation---Check Digits",
  author="Harrell W. Stiles",
  url="http://www.beachnet.com/~hstiles/cardtype.html",
  year=1997,
  month="25 " # Feb
}

@book{fsf:flex,
  title="Flex, version 2.5, A fast scanner generator",
  edition="2.5",
  month=Mar,
  year=1995,
  author="Vern Paxson",
  publisher="The Free Software Foundation",
  url="http://www.gnu.org/software/flex/manual/"
}
  

@inproceedings{1143133,
 author = {Min Wu and Robert C. Miller and Greg Little},
 title = {Web wallet: preventing phishing attacks by revealing user intentions},
 booktitle = {SOUPS '06: Proceedings of the second symposium on Usable privacy and security},
 year = {2006},
 isbn = {1-59593-448-0},
 pages = {102--113},
 location = {Pittsburgh, Pennsylvania},
 doi = {http://doi.acm.org/10.1145/1143120.1143133},
 publisher = {ACM Press},
 address = {New York, NY, USA},
 }

@inproceedings{1124863,
 author = {Min Wu and Robert C. Miller and Simson L. Garfinkel},
 title = {Do security toolbars actually prevent phishing attacks?},
 booktitle = {CHI '06: Proceedings of the SIGCHI conference on Human Factors in computing systems},
 year = {2006},
 isbn = {1-59593-372-7},
 pages = {601--610},
 location = {Montr\&\#233;al, Qu\&\#233;bec, Canada},
 doi = {http://doi.acm.org/10.1145/1124772.1124863},
 publisher = {ACM Press},
 address = {New York, NY, USA},
                   arate="23\%"
 }


@inproceedings{1135853,
 author = {Markus Jakobsson and Jacob Ratkiewicz},
 title = {Designing ethical phishing experiments: a study of (ROT13) rOnl query features},
 booktitle = {WWW '06: Proceedings of the 15th international conference on World Wide Web},
 year = {2006},
 isbn = {1-59593-323-9},
 pages = {513--522},
 location = {Edinburgh, Scotland},
 doi = {http://doi.acm.org.ezp1.harvard.edu/10.1145/1135777.1135853},
 publisher = {ACM Press},
 address = {New York, NY, USA},
 }

@inproceedings{1143131,
 author = {Julie S. Downs and Mandy B. Holbrook and Lorrie Faith Cranor},
 title = {Decision strategies and susceptibility to phishing},
 booktitle = {SOUPS '06: Proceedings of the second symposium on Usable privacy and security},
 year = {2006},
 isbn = {1-59593-448-0},
 pages = {79--90},
 location = {Pittsburgh, Pennsylvania},
 doi = {http://doi.acm.org.ezp1.harvard.edu/10.1145/1143120.1143131},
 publisher = {ACM Press},
 address = {New York, NY, USA},
 }


@inproceedings{1140187,
 author = {Stefan A. Robila and James W. Ragucci},
 title = {Don't be a phish: steps in user education},
 booktitle = {ITICSE '06: Proceedings of the 11th annual SIGCSE conference on Innovation and technology in computer science education},
 year = {2006},
 isbn = {1-59593-055-8},
 pages = {237--241},
 location = {Bologna, Italy},
 doi = {http://doi.acm.org.ezp1.harvard.edu/10.1145/1140124.1140187},
 publisher = {ACM Press},
 address = {New York, NY, USA},
 }

@inproceedings{1124861,
 author = {Rachna Dhamija and J. D. Tygar and Marti Hearst},
 title = {Why phishing works},
 booktitle = {CHI '06: Proceedings of the SIGCHI conference on Human Factors in computing systems},
 year = {2006},
 isbn = {1-59593-372-7},
 pages = {581--590},
 location = {Montr\&\#233;al, Qu\&\#233;bec, Canada},
 doi = {http://doi.acm.org.ezp1.harvard.edu/10.1145/1124772.1124861},
 publisher = {ACM Press},
 address = {New York, NY, USA},
 }

@article{social-phishing,
  author="Tom Jagatic and Nathaniel Johnson and Markus Jakobsson and Filippo Menczer",
  journal="Communications of the ACM",
  year="To appear"
}


@misc{soups2005-panel,
 title="Panel",
 url="http://cups.cs.cmu.edu/soups/2005/program.html#panelB"
}
@article{najjar1992,
 title="Graphical Passwords",
 journal="International Technology Disclosures",
 volume=10,
 issue=1,
 page=3
}

@inproceedings{1251400,
 author = {Ross, Blake and Jackson, Collin and Miyake, Nick and Boneh, Dan and Mitchell, John C.},
 title = {Stronger password authentication using browser extensions},
 booktitle = {SSYM'05: Proceedings of the 14th conference on USENIX Security Symposium},
 year = {2005},
 pages = {2--2},
 location = {Baltimore, MD},
 publisher = {USENIX Association},
 address = {Berkeley, CA, USA},
 }

@inproceeding{klein:1990,
 author="D. Klein",
 title="Foiling the cracker: A survey of and improvements to, password security",
 year=1990,
 pages="5--14",
 booktitle="In Proceedings of the 2nd USENIX Security Workshop"
}

@inproceeding{klein:1991,
 author="D. Klein",
 title="Foiling the cracker: A survey of and improvements to, password security",
 note="revised paper with new data",                   
 year=1991,
 month=May,
 booktitle="In Proceedings of the 14th DoE Computer Security Group"
}

@techreport{yan:2000,
 title="The Memorability and Security of Passwords -- Some Empirical Results.",
 authors="J. Yan and A. Blackwell and A. Anderson and A. Grant",
 yaer=2000,
 number=500, 
 organization="Computer Laboratory, University of Cambridge"
}

@inproceedings{1362911,
 author = {Thorpe, Julie and van Oorschot, P. C.},
 title = {Human-seeded attacks and exploiting hot-spots in graphical passwords},
 booktitle = {SS'07: Proceedings of 16th USENIX Security Symposium on USENIX Security Symposium},
 year = {2007},
 isbn = {111-333-5555-77-9},
 pages = {1--16},
 location = {Boston, MA},
 publisher = {USENIX Association},
 address = {Berkeley, CA, USA},
 }

@inproceedings{1357219,
 author = {Egelman, Serge and Cranor, Lorrie Faith and Hong, Jason},
 title = {You've been warned: an empirical study of the effectiveness of web browser phishing warnings},
 booktitle = {CHI '08: Proceeding of the twenty-sixth annual SIGCHI conference on Human factors in computing systems},
 year = {2008},
 isbn = {978-1-60558-011-1},
 pages = {1065--1074},
 location = {Florence, Italy},
 doi = {http://doi.acm.org/10.1145/1357054.1357219},
 publisher = {ACM},
 address = {New York, NY, USA},
 }

@inproceedings{1387656,
 author = {Heiner, Andreas and Asokan, N.},
 title = {Using salience differentials to making visual cues noticeable},
 booktitle = {UPSEC'08: Proceedings of the 1st Conference on Usability, Psychology, and Security},
 year = {2008},
 pages = {1--6},
 location = {San Francisco, California},
 publisher = {USENIX Association},
 address = {Berkeley, CA, USA},
 }

@article{1125889,
 author = {DeWitt, Alexander J. and Kuljis, Jasna},
 title = {Is usable security an oxymoron?},
 journal = {interactions},
 volume = {13},
 number = {3},
 year = {2006},
 issn = {1072-5520},
 pages = {41--44},
 doi = {http://doi.acm.org/10.1145/1125864.1125889},
 publisher = {ACM},
 address = {New York, NY, USA},
 }

