@misc{oxford-dictionary,
 title="Oxford Dictionary {English} ({British} Edition)",
 year=2010,
 publisher="Oxford University Press"
}                  

@misc{ksl-snap-chat,
 title="`Deleted' Snapchat photos saved in phone data, can be examined as evidence",
 author="Andrew Adams",
 year=2013,
 month=May # " 8",
 url="http://www.ksl.com/?sid=25106057",
 publisher={{KSL.com}}
}

@misc{apple-tracking,
 title="Apple is Tracking iPhone, iPad Users' Location; Easily Mapped With OS X App",
 author="Jason Mick",
 url="http://www.dailytech.com/Apple+is+Tracking+iPhone+iPad+Users+Location+Easily+Mapped+With+OS+X+App/article21429.htm",
 year=2011,
 month=Apr # " 20"
}                  

@misc{apple-tracking-statement,
  url="http://www.apple.com/pr/library/2011/04/27Apple-Q-A-on-Location-Data.html",
  author={{Apple Computer}},
  title="Apple Q\&A on Location Data",
  year=2011,
  month=Apr # " 27",
}

@techreport{iec:1996,
 year=1996,
 author={{IUCr IUPAC Interdivisional Committee on Nomenclature and Symbols (IDCNS)}},
 title="Report",
 url="http://www.chester.iucr.org/iucr-top/cexec/rep96/idcns.htm",
 note="Retrieved October 28, 2012"
}

@misc{iec:80000-13:2008,
 title={{IEC 80000-13:2008, Quantities and units—Part 13: Information science and technology}},
 author={{International Standards Organization}},
 year=2008
}

@INPROCEEDINGS{Snyder90tmpfs:a,
    author = {Peter Snyder},
    title = {tmpfs: A virtual memory file system},
    booktitle = {In Proceedings of the Autumn 1990 European UNIX Users’ Group Conference},
    year = {1990},
    pages = {241--248}
}

@MISC{Sandberg85designand,
    author = {Russel Sandberg and David Goldberg and Steve Kleiman and Dan Walsh and Bob Lyon},
    title = {Design and Implementation or the Sun Network Filesystem},
    year = {1985}
}

@INPROCEEDINGS{Pawlowski00thenfs,
    author = {Brian Pawlowski and David Noveck and David Robinson and Robert Thurlow},
    title = {The NFS version 4 protocol},
    booktitle = {In Proceedings of the 2nd International System Administration and Networking Conference (SANE 2000},
    year = {2000}
}

@Misc{ms-cifs,
 title="Common Internet File System (CIFS) Protocol",
 author={{Microsoft Corporation}},
 year=2013,
 month=Jan # " 18",
 url="http://msdn.microsoft.com/en-us/library/ee442092.aspx"
}
                  
@misc{nsa-pdfs,
 year=2008,
 month=Jul # " 27",
 title="Hidden Data and Metadata in Adobe PDF Files: Publication Risks and Countermeasures",
 author={{Enterprise Applications Division of the Systems and Network Analysis Center (SNAC) Information Assurance Directorate}},
 publisher={{National Security Agency}},
 url="http://www.nsa.gov/ia/_files/app/pdf_risks.pdf"
}


@misc{ibm-350,
 title="IBM 350 disk storage unit",
 publisher={{IBM}},
 url="http://www-03.ibm.com/ibm/history/exhibits/storage/storage_350.html",
 date=2013,
 note="Last Accessed June 2, 2013"
}