@misc{juran:principle,
  url="http://www.juran.com/lower_2.cfm?article_id=21",
  author="{Juran Institute}",
  title="Our Founder",
  year=2005,
  note="Discussion of the so-called Pareto principle at the Juran Institute's website."
}

@misc{microsoft:adaptive,
  title="{OL2000:} How {Outlook} Promotes and Demotes Menus Based on Usage",
  author="{Microsoft}",
  year=2003,
  month=Sep # " 29",
  url="http://support.microsoft.com/default.aspx?scid=kb;en-us;220939"
}

@article{jt:trend,
  title="Bug in antivirus software hits {LANs} at {JR} East, some media",
  journal="The Japan Times Online",
  url="http://www.japantimes.com/cgi-bin/getarticle.pl5?nn20050424a2.htm",
  year=2005,
  month=Apr # " 24",
  author="{The Japan Times}"
}

@article{tr:trend,
 title="Trend Micro bug down to over-quick testing",
  author="Michael Crawford and Paul Kallender",
  journal="Techworld",
  url="http://www.techworld.com/security/news/index.cfm?NewsID=3559",
  year=2005,
  month=Apr # " 26"
}

@misc{selinux,
  title="{Security-Enhanced Linux}",
  author="{National Security Agency}",
  year=2005,
  url="http://www.nsa.gov/selinux/"
}

@misc{rfid:whitepaper,
  title="{RFID} Position Statement of Consumer Privacy and Civil Liberties Organizations",
  author="{Privacy Rights Clearinghouse}",
  year=2003,
  month=Nov # " 20",
  url="http://www.privacyrights.org/ar/RFIDposition.htm"
}

@article{biddle:misplaced,
  title="Misplaced Priorities: The {Utah Digital Signature Act} and Liability Allocation in a Public Key Infrastructure",
  author="C. Bradford Biddle",
  journal="San Diego Law Review",
  page="1143",
  volume=33,
  year=1996
}

@misc{utah:digsig,
  title="{Utah Digital Signature Act, Utah Code \S\S 46-3-101 to 46-3-504}",
  year=1995,
  note="ch. 61",
  author="Utah"
}

@article{utah:first,
  title="Utah grants first certificate authority",
  author="Alex Lash",
  journal="C|Net News.Com",
  year=1997,
  month=Dec # " 3",
  url="http://news.com.com/Utah+grants+first+certificate+authority/2100-1023_3-205932.html"
}

@misc{qt,
  title="Qt 3.3 Whitepaper",
  author="Trolltech",
  url="http://www.trolltech.com/products/whitepapers.html",
  year=2005
}
  

@misc{williams:personal,
  title="Unsafe At Any {(CPU)} Speed",
  author="Jeff Williams",
  year=2005,
  month=Apr # " 30",
  location="Columbia, MD",
  url="http://www.aspectsecurity.com/documents/Aspect_HCSS_Brief.ppt"
}


@book{oath_of_fealty,
   title="Oath Of Fealty",
   author="Larry Niven and Jerry Pournelle",
   year=1981,
   publisher="Simon \& Schuster",
   month=Sep
}

@misc{etrade:securid,
   title="{E*TRADE} FINANCIAL Offers {RSA SecurID} Two-Factor Authentication Solution to its {U.S.} Retail Customers",
   url="http://www.rsasecurity.com/press_release.asp?doc_id=5567",
   year=2005,
   month=Mar # " 1",
   author={RSA Security}
}

@misc{aol:securid,
   title="{American Online} and {RSA} Securty Launch {AOL} PassCode Premium Service",
   url="http://www.rsasecurity.com/press_release.asp?doc_id=5033",
   year=2004,
   month=Sep # " 21",
   author={RSA Security}
}



@misc{gutmann:find_out,
  title="Everything you Never Wanted to Know about PKI but were Forced to Find Out",
  author="Peter Gutmann",
  url="http://www.cs.auckland.ac.nz/~pgut001/pubs/pkitutorial.pdf",
  year=2004,
  note="Slides of Gutmann's PKI Tutorial"
}

@misc{gutmann:pki_survey,
  title="PKI Technology Survey and Blueprint",
  author="Peter Gutmann",
  url="http://www.cs.auckland.ac.nz/~pgut001/pubs/pkitech.pdf",
  year=2001
}

@misc{hillside:history,
  title="Hillside History",
  year=2005,
  author="Hillside.net",
  url="http://hillside.net/history.html"
}

@article{cnn:calipari1,
  title="{U.S.} soldiers cleared in {Italian} agent's death",
  author="CNN",
  url="http://www.cnn.com/2005/US/04/30/italian.shooting/",
  journal="CNN.com",
  year=2005,
  month=Apr # " 30"
}

@article{farber:redact,
  title="Thought to be redacted, classified military info exposed by cut n' paste",
  author="David Berlind",
  year=2005,
  month=May # " 1 ",
  url="http://blogs.zdnet.com/BTL/?p=1329",
  journal="ZDNet"
}

@book{schumacher:patbook,
   title="Security engineering with patterns: origins, theoretical models, and new applications",
   author="Markus Schumacher",
  year=2003,
  publisher="Springer"
}
  
@misc{ jenkins-protecting,
  author = "Brian Michael Jenkins",
  year=1997,
  month=Dec,
  title = "Protecting Surface Transportation Systems And Patrons From Terrorist Activities
    Case Studies Of Security Practices And A Chronology Of Attacks",
  publisher="The Norman Y. Mineta International Institute for Surface Transportation Policy Studies",
  url="http://citeseer.ist.psu.edu/jenkins97protecting.html"
 }

@inproceedings{mouratidis:agent_patterns,
  title="Security Patterns for Agent Systems",
  author="Haralambos Mouratidis and Paolo Giorgini and Markus Schumacher",
  booktitle="Eighth European Conference on Pattern Languages of Programs",
  year=2003,
  month=Jun # " 25--29",
  location="Irsee, Germany",
  url="http://dit.unitn.it/~pgiorgio/papers/EuroPLoP03.pdf",
  publisher="unknown publisher"
}



@techreport{opengroup:security_patterns,
  title="Security Design Patterns",
  author="Bob Blakley and Craig Heath and {members of The Open Group Security Forum}",
  year=2004,
  month=Apr,
  number="G031",
  institution="The Open Group",
  url="http://www.opengroup.org/publications/catalog/g031.htm",
  publisher="The Open Group"
} 



@book{schumacher:security_patterns,
  title="Security Engineering with Patterns: Origins, Theoretical Models, and Ne Applications",
  author="Markus Schumacher", 
  year=2003,
  publisher="Springer",
  note="LCNS 2754"
}

@phdthesis{schumacher:dissertation,
  title="Security Engineering with Patterns",
  year=2003,
  month=May,
  author="Markus Schumacher", 
  school="Darmstadt University of Technology"
}

@phdthesis{patterns_interaction_design,
  title="A Pattern Approach to Interaction Design",
  author="Jan Oliver Borchers",
  year=2000,
  school="Darmstadt University of Technology"
}

@misc{andersen:fraud,
  url="http://www.hotel-online.com/Trends/Andersen/1999_FraudRisk.html",
  title="Managing Fraud and Integrity Risk... Best Practices Offer Key",
  author="Andrew Flaig and Gloria Chang",
  year=1999,
  month="Spring",
  publisher="Arthur Andersen"
}


@article{schmidt:editorial,
 author = {Douglas C. Schmidt and Mohamed Fayad and Ralph E. Johnson},
 title = {Software patterns},
 journal = {Commun. ACM},
 volume = {39},
 number = {10},
 year = {1996},
 issn = {0001-0782},
 pages = {37--39},
 doi = {http://doi.acm.org/10.1145/236156.236164},
 publisher = {ACM Press},
 address = {New York, NY, USA},
 }

@misc{cranor:technology_inventory,
  title="Technology Inventory: A Catalog of Tools that Support Parents's Ability to Choose Online Content Appropriate for their Children",
  author="Lorrie Faith Cranor and Paul Resnick  and Danielle Gallo",
  year=1997,
  month=Dec,
  note="Prepared for the Internet Online Summit: Focus on Children, December 1997; Revised for America Links Up, September 1998",
  url="http://www.research.att.com/projects/tech4kids/actions.html"
}

@misc{pics,
  title="PICS Label Distribution Label Syntax and Communication Protocols, Version 1.1",
  year=1996,
  author="T. Krauskopf and J. Miller and P. Resnick and W. Treese",
  note="W3C Recommendation REC-PICS-labels-961031",
  publisher="World Wide Web Consortium"
}

@misc{hodge,
  title="Personal Communication",
  author="Carolyn Hodge",
  year=2005,
  month=Apr # " 19 "
}

@misc{camtasia,
  title="Camtasia Studio",
  year=2005,
  url="http://www.techsmith.com/products/studio/",
  author="TechSmith"
}

@misc{netcraft:survey,
  url="http://news.netcraft.com/archives/web_server_survey.html",
  title="April 2005 Web Server Survey",
  year=2005,
  month=Apr,
  author="Netcraft"
}

@misc{proter:Crypt::RandPasswd,
  author="John D. Porter",
  title="Crypt-RandPasswd-.0.2",
  year=2000,
  month=Jul # " 21 ",
 url="http://search.cpan.org/~jdporter/Crypt-RandPasswd-0.02/"
}

@misc{pkcs:12,
  title="{PKCS} \#12: Personal Information Exchange Syntax Standard",
  author="{RSA Laboratories}",
  year=1999,
  month=Jun # " 24 ",
  url="http://www.rsasecurity.com/rsalabs/node.asp?id=2138",
  publisher="RSA Data Security"
}

@misc{pyx,
  author={J\"{o}rg Lehmann and Andr\'{e} Wobst},
  title="PyX Reference Manual",
  year=2004,
  month=Dec # " 15 ",
  url="http://pyx.sourceforge.net"
}



@article{macavinta:truste,
  title="{TRUSTe} marks down privacy labels",
  url="http://news.com.com/2100-1023-203339.html",
  author="Courtney Macavinta",
  year=1997,
  month=Sep # " 17 ",
  journal="CNET News.com"
}

@misc{truste:mission,
  title="{TRUSTe's} Mission",
  year=2004,
  note="Cited on April 17, 2005",
  author="TRUSTe",
  url="http://www.truste.org/about/mission_statement.php"
}

@book{crypto-controversy,
  author="Bert-Jaap Koops",
  year=1999,
  title="The Crypto Controversy: A Key Conflict in the Information SOciety",
  publisher="Kluwer Law International"
}
 

@misc{nih:pure,
  title="Pure Food and Drugs",
  url="http://www.nlm.nih.gov/exhibition/phs_history/106.html",
  author="National Library of Medicine",
  year=1998,
  month=Apr # " 27 ",
  note="Cited on April 18, 2005"
}

@article{microsoft:w2003_security_guide,
  title="Windows Server 2003 Security Guide",
  year=2003,
  month=Apr # " 23",
  journal="Microsoft TechNet",
  url="http://www.microsoft.com/technet/security/prodtech/windowsserver2003/W2003HG/SGCH00.mspx",
  author="Microsoft"
}

@misc{macosx:security,
  url="http://www.apple.com/macosx/features/security/",
  title="Apple -- {Mac OS X} -- Security",
  author="Apple",
  year=2005,
  note="Cited on April 15, 2005"
}



@misc{verisign:cis,
  url="http://www.verisign.com/products-services/security-services/pki/cert-interoperability/",
  title="Certificate Interoperability Service",
  year=2005,
  note="Last accessed April 15, 2005",
  author="VeriSign"
}

@misc{ilse:05,
  title="Response to your questions",
  author="Ilse Baxter",
  year=2005,
  month=Apr # " 15",
  organization="Thawte"
}

@misc{netcraft:ssl_credibility,
  title="{SSL}'s Credibility as Phishing Defense Is Tested",
  journal="Netcraft",
  url="http://news.netcraft.com/archives/2004/03/08/ssls_credibility_as_phishing_defense_is_tested.html",
  year=2004,
  month=Mar # " 8 ",
  author="Rich M."
}

@article{zdnet:ssl_phishing,
  author="Andrew Colley",
  year=2004,
  month=Mar # " 3",
  url="http://www.zdnet.com.au/news/security/0,2000061744,39116416,00.htm",
  title="Latest phishing scam most ``devious'' ever",
  journal="ZDNet Australia"
}

@misc{lampson:talk,
  title="Computer Security in the Real World (Distinguished Lecture)",
  note="Distinguished Lecture Series on Computation and Society",
  month=Mar # " 17 ",
  year=2005,
  author="Butler Lampson"
}


@article{microsoft:code_annotation,
  title="Visual Studio 2005 Team System: Building Robust and Reliable Software",
  year=2004,
  month=May,
  author="Kamran Iqbal",
  url="http://msdn.microsoft.com/library/default.asp?url=/library/en-us/dnvsent/html/vsts-dev.asp",
  journal="Microsoft Developer Network",
  publisher="Microsoft, Inc."
}


@article{nyt:phone_fraud,
  year=1995,
  month=Jul # " 20 ",
  author="Bryan Miller",
  title="Consumer's World; Web of Cellular Phone Fraud Widens",
  page="C1",
  journal="New York Times"
}

@article{nyt:4digits,
  year=1995,
  month=Jan # " 5 ",
  author="Michael L. Rozansky",
  title="Cellular-Phone Call to {NY}? Add 4 digits to the number",
  page="D1",
  journal="New York Times"
}

@misc{lauren:posting,
  author="Robin Laur\'{e}n",
  title="Re: {PGP} fingerprints on business cards and hash visualizations",
  year=2005,
  month=Mar # " 28",
  note="Message ID \url{6a9e4b98050328062248d2551f@mail.gmail.com} posted to the \url{hcisec@yahoogroups.com} mailing list"
}

@article{crazy-clocks,
  title="Crazy Clocks: Counterintuitive Consequences of ``Intelligent'' Automation",
  author="Kim J. Vicente",
  journal="IEEE Intelligent Systems",
  year=2001,
  month=Nov # " / " # Dec,
  pages="74--76"
}

@techreport{cr-87-43,
  title="Using Pattern Languages for Object-Oriented Programs",
  author="Kent Beck and Ward Cunningham",
  number="CR-87-43",
  year=1987,
  month=Sep,
  institution="Apple Computer, Tektronix"
}

@techreport{castro-artificial,
  author = "Leandro Nunes de Castro and Fernando Jos\'{e} Von Zuben",
  title = "Artificial Immune Systems: Part {II}---A Survey Of Applications" ,
number = "DCA-RT 02/00",
    institution = "Department of Computer Engineering and Industrial
        Automation, School of Electrical and Computer Engineering,
        State University of Campinas, SP, Brazil",
    month = feb,
    year = 2000,
  url = "citeseer.ist.psu.edu/nunesdecastro00artificial.html" }




@inproceedings{ somayajiprinciples,
    author = "Anil Somayaji and Steven Hofmeyr and Stephanie Forrest",
    title = "Principles of a Computer Immune System",
    pages = "75--82",
isbn = {0897919866},
institution = {Dept. of Comput. Sci., New Mexico Univ., Albuquerque, NM, USA},
publisher = {New York, NY, USA : ACM, 1998},
booktitle = {Meeting on New Security Paradigms},
   year=1997,
  month=Sep # " 23--26",
  location="Langdale, UK",
    url = {citeseer.ist.psu.edu/11313.html} }



@article{tobin_resigned,
 title="Parties Call Foul Over {N.} {H.} Phone-Jaming Suit",
 journal="The Boston Globe",
 author="Sarah Schweitzer",
 year=2004,
 month=Oct # " 23 "
}

@misc{thawte:cps,
  author="{Thawte Consulting}",
  title="Certification Practices Statement Version 2.1",
   year="2004",
  month=Jan # " 9 ",
  url="http://www.thawte.com/cps/pdf/Thawte_CPS_2_1.pdf"
}
  
@misc{isc:smime,
   url="http://www.imc.org/smime-pgpmime.html",
   year="2005",
   note="Cited 7 February 2005",
   title="{S/MIME} and {OpenPGP}",
   organization="Internet{ }Mail{ }Consotrium",
   key="IMC"
}

@misc{snapper:nicholson,
  title="Re: s/mime (personal communication)",
  year=2005,
  month=Jan # " 25 ",
  author="Stuart Nicholson",
  organization="Senior PalmOS Engineer, Snapper Mail"
}

@article{shankland:sco,
  title="Document shows {SCO} prepped lawsuit against {BofA}",
  author="Stephen Shankland and Scott Ard",
  year=2004,
  month=Mar # " 4 ",
  url="http://news.com.com/2100-7344_3-5170073.html",
  journal="News.Com"
}

@article{rosenbaum:delete,
  title="In Defense of the {\sc DELETE} Key",
  year=2000,
  month="Summer",
  pages="393--396",
  volume=3,
  number=4,
  journal="The Green Bag",
  author="James M. Rosenbaum"
}

@article{computerworld:enron,
  title="Enron Bankruptcy Case Highlights E-Mail's Lasting Trail",
  author="Jennifer DiSabatino",
  year=2002,
  month=Jan # " 21 ",
  journal="Computerworld",
  url="http://www.computerworld.com/industrytopics/financial/story/0,10801,67583,00.html"
}


@article{levy:labels,
  title="More effective nutrition label formats are not necessarily preferred",
  author="{A.} {S.} Levy and {S.} {B.} Fein and {R.} {E.} Schucker",
  journal="Journal of the American Diet Association",
  year=1992,
  month=Oct,
  volume=10,
  pages="1230--1234",
  note="PMID 1401661"
}

@article{worsley,
  title="Which nutrition information do shoppers want on food labels?",
  year="1996",
  volume=5,
  pages="70--78",
  journal="Asia Pacific Journal of Clinical Nutrition",
  author="Anthony Worsley",
  url="http://elecpress.monash.edu.au/APJCN/Vol5/Num2/52p70.htm"
}

@misc{consumer:nutrition,
  title="A systematic review of the reserach on consumer understanding of nutrition labeling",
  publisher="European Heart Network",
  month=Jun,
  year=2003,
  url="http://www.ehnheart.org/files/consumer\%20nutrition-143058A.pdf",
  key="EHN"
}

@misc{councilman,
  title="{United States of America} {v.} {Bradford} {C.} {Councilman}",
  note="No. 03-1383 (1st Cir)",
  month=Jun # " 29 ",
  year=2004,
  url="http://www.ca1.uscourts.gov/pdf.opinions/03-1383-01A.pdf",
  key="USA"
}


@article{buffalo:scenario,
  title="The Palliative Medicine Extended Standardized Patient Scenario: A Preliminary Report",
  journal="Journal of Palliative Medicine",
  year=2001,
  volume=4,
  pages="49--56",
  author="{J.} {P.} Freer and {K.} {L.} Zinnerstrom"
}

@article{carney:scenario,
  title="Recognizing and managing depression in primary care: a standardized patient study",
  journal="Journal of Family Practice", 
  year=1999,
  month=Dec,
  volume=48,
  issue=12,
  pages="965--972",
  author="{P.} {A.} Carney and {A.} {J.} Dietrich and {M.} {S.} Eliassen and {M.} Owen and {L.} {W.} Badger"
}

@book{meyers:briggs,
  title="Gifts Differing: Understanding Personality Type",
  author="Isabel Briggs Myers and Peter B. Myers",
  year=1995,
  month=May,
  publisher="Davies-Black Publishing"
}


@inproceedings{bauer:2001,
   author="Steven Bauer and Nissanka B. Priyantha",
   title="Secure Data Deletion for {Linux} File Systems",
   booktitle="Proc. 10th Usenix Security Symposium",
   pages="153--164",
   year="2001",
   address="San Antonio, Texas",
   url="http://www.usenix.org/events/sec01/full_papers/bauer/bauer_html/",
   publisher="Usenix"
}

@inproceedings{gutmann:lessons_learned,
  author="Peter Gutmann",
  title="Lessons Learned in Implementing and Deploying Crypto Software",
  booktitle="Proc of the 11th Usenix Security Symposium",
  year=2002,
  address="San Francisco, California",
  publisher="Usenix"
}

@misc{gutmann:convergence,
  author="Peter Gutmann",
  title="The Convergence of Internet Security Threats (Spam, Viruses, Trojans, Phishing)",
  month=Feb # " 10",
  year=2005,
  note="Talk given to the New Zealand Information Security Forum, cited April 15, 2005",
  url="http://www.cs.auckland.ac.nz/~pgut001/pubs/blended.pdf"
}


@inproceedings{ cowanstackguard,
    author = "Crispan Cowan and Calton Pu and Dave Maier and Jonathan Walpole and Peat Bakke and Steve Beattie and Aaron Grier and Perry Wagle and Qian Zhang and Heather Hinton",
    title = "{StackGuard}: Automatic Adaptive Detection and Prevention of Buffer-Overflow Attacks",
    booktitle="Proc. 7th USENIX Security Conference",
    pages = "63--78",
    year = "1998",
    month = "jan",
    address="San Antonio, Texas",
    url = "citeseer.nj.nec.com/cowan98stackguard.html",
    publisher="Usenix"
 }


@book{graff:secure,
    author="Mark G. Graff and Kenneth R. van Wyk",
    publisher="O'Reilly",
    year=2003,
    url="http://www.oreilly.com/catalog/securecdng/",
    title="Secure Coding: Principles \& Practices"
}

@misc{securityspace:nov2004,
  title="{SSL} Server Survey -- Certificate Authority {(CA)} Market Share",
    publisher="E-Soft",
    author="{SecuritySpace.com}",
    year="2004",
    month=Nov,
    url="http://www.securityspace.com/sspace/"
}


@misc{securityspace:mar2005,
  title="{SSL} Server Survey -- Certificate Authority {(CA)} Market Share",
    publisher="E-Soft",
    author="{SecuritySpace.com}",
    year="2005",
    month=Mar,
    url="http://www.securityspace.com/sspace/"
}


@article{msdn:attack_surface,
 title="Attack Surface: Mitigate Security Risks by Minimizing the Code You Expose to Untrusted Users", 
 author="Michael Howard",
  year=2004,
  month=Nov,
  journal="MSDN Magazine", 
  url="http://msdn.microsoft.com/msdnmag/issues/04/11/AttackSurface/default.aspx"
}

@MISC{TA04-315A,
   title="Buffer Overflow in {Microsoft} {Internet} {Explorer}",
   year=2004,
   month=Nov # " 10 ",
   url="http://www.us-cert.gov/cas/techalerts/TA04-315A.html",
   author="US-CERT"
}

@MISC{MS04-028,
   title="Microsoft Security Bulletin MS04-028: Buffer Overrun in JPEG Processing (GDI+) Could Allow Code Execution (833987)",
   year=2004,
   month=Sep # " 14 ",
   url="http://www.microsoft.com/technet/security/bulletin/MS04-028.mspx",
   author="Microsoft"
}

@misc{earthlink:june16,
  title="Earthlink and Webroot release second spyaudit report",
   year=2004,
   month=Jun # " 16 ",
  author="Jerry Grasso",
  publisher="Earthlink, Inc"
  }

@article{ecommerce:2004,
  title="Dell Spyware Decision Spurs New Trend",
  month=Nov,
  year="2004",
  author="Jack M. Germain",
  journal="E Commerce Times",
  url="http://www.ecommercetimes.com/story/37668.html"
}

@misc{dban,
  author="Darik Horn",
  title="Darik's Boot and Nuke",
  url="dban.sourceforget.net",
  year=2005,
  month=Mar,
  note="Cited on April 2, 2005"
}



@misc{dell:TT1089806,
  key ="Dell",
  title="What are the Top 5 Things You Can Do To Improve Your System Performance?",
  month=Sep # " 14 ",
  year=2004,
  url="http://support.dell.com/support/topics/global.aspx/support/kb/en/document?dn=1089806&l=en&s=gen"
}

@misc{msft:157729,
  key = "Microsoft",
  title="How to Clear the History Entries in {Internet} {Explorer}",
  year=2003, 
  month=Dec # " 16 ",
  url="http://support.microsoft.com/kb/157729",
  number="157729",
  author="Microsoft"
}
  
@techreport{sun:tr-2005-140,
  author="Radia Perlman",
  month=Feb,
  year=2005,
  title="The Ephemerizer: Making Data Disappear",
  number="SMLI TR-2005-140",
  url="http://research.sun.com/techrep/2005/smli_tr-2005-140.pdf",
  institution="Sun Labs, Sun Microsystems"
}

@techreport{comcast:17601,
  key = "Comcast",
  author="Comcast",
  title="How do {I} setup and clear the history (visted sites) in {Internet Explorer}?",
  number="17601",
  url="http://faq.comcast.net/faq/answer.jsp?name=17601",
  year=2003,
  institution="Comcast",
}
@misc{ansi_z535,
    author={American National Standards Institute},
    title="{ANSI~Z535.4} Product Safety Signs and Labels",
    year=1998
}

@article{ ritchie78unix,
    author = "D. M. Ritchie and K. Thompson",
    title = "The {UNIX} Time-Sharing System",
    journal = "The Bell System Technical Journal",
    volume = "57",
    number = "6 (part 2)",
    pages = "1905+",
    year = "1978",
    url = "citeseer.ist.psu.edu/ritchie74unix.html" 
}



@misc{hopeforhealing:2003,
   key="Hope For Healing",
   title="The Annual Report of {Hope~For~Healing.org}",
   year=2003,
   url="http://www.hopeforhealing.org/annual.pdf",
   institution="HopeForHealing.Org",
   note="Cited on November 18, 2004",
   author="John Crabtree"
}

@misc{hopeforhealing:clearing,
   key="Hope For Healing",
   title="Clearing your {Internet} surfing history",
   year=2004,
   note="Cited on November 18, 2004",
   url="http://www.hopeforhealing.org/clear",
   institution="HopeForHealing.Org"
}

@misc{msft:clear_cache,
   key = "Microsoft",
   title="How and Why to Clear Your Cache",
   year=2004,
   organization="Microsoft",
   url="http://www.microsoft.com/windows/ie/using/howto/customizing/clearcache.mspx",
   note="Cited on November 18, 2004"
}

@misc{ala:clean,
  url="http://www.ala.org/ala/washoff/oitp/emailtutorials/privacya/20.htm",
  title="Managing cookies to protect patron privacy",
  year=2005,
  note="Accessed April 20, 2005",
  author="{American Library Association Office for Information Technology Policy}",
  key="ALA"
}

@article{garfinkel:web_watchers,
  title="The Web Masters are Watching",
  author="Simson L. Garfinkel",
  journal="Internet Underground",
  year=1996
}

@article{woolverton:theer,
   title="Computer files hang around, {Theer} trial shows",
   year=2004,
   month=Oct # " 25 ",
   url="http://www.fayettevillenc.com/story.php?Template=local&Story=6645176",
   author="Paul Woolverton",
   journal="The Fayetteville (NC) Observer"
}

@misc{theer:guilty,
   title="{Theer} Found Guilty Of Murder, Conspiracy",
   url="http://www.wral.com/fayettevillenews/3969062/detail.html",
   publisher="Internet Broadcasting Systems, Inc",
   journal="WRAL.com",
   year=2004,
   month=Dec # " 3 ",
   key="WRAL"
}

@misc{visa:cisp,
  title="Cardholder Information Security Program",
  author="VISA",
  year=2005,
  url="http://usa.visa.com/business/accepting_visa/ops_risk_management/cisp.html"
}

@misc{visa:pci,
  title="Payment Card Industry Data Security Standard",
  year=2004,
  month=Dec,
  url="http://usa.visa.com/download/business/accepting_visa/ops_risk_management/cisp_PCI_Data_Security_Standard.pdf",
  author="VISA {U.S.A.}"
}


@misc{interview:21,
  title="Interview with owner of disk \#21",
  year=2004,
  month=Oct # " 21 ",
  author="Simson L.~Garfinkel"
}
  
@misc{AHR05a,
     author = {Ben Adida and Susan Hohenberger and Ronald L.\ Rivest},
     title={{Fighting Phishing Attacks:\ A Lightweight Trust 
Architecture for Detecting Spoofed Emails} (to appear)},
     year={2005},
     note = {Available at \url{http://theory.lcs.mit.edu/~rivest/publications.html}}
}

@misc{AHR05b,
     author = {Ben Adida and Susan Hohenberger and Ronald L.\ Rivest},
     title={{Separable Identity-Based Ring Signatures:\ Theoretical 
Foundations For Fighting Phishing Attacks} (to appear)},
     year={2005},
     note = {Available at \url{http://theory.lcs.mit.edu/~rivest/publications.html}}
}


@inproceedings{ davis96compliance,
    author = "Don Davis",
    title = "Compliance Defects in Public Key Cryptography",
    booktitle = "6th USENIX Security Symposium",
    pages = "171--178",
    year = "1996",
    publisher="Usenix",
    month = jul # " 22--27",
    location="San Jose, California"
}

@misc{apple:2005-003,
  title="About {Safari} International Domain Name support",
  url="http://docs.info.apple.com/article.html?artnum=301116",
  month=Mar # " 21 ",
  year=2005,
  author="Apple~Computer"
}

@misc{perlman:2005-03-22,
  title="Personal Communication",
  author="Radia Perlman",
  year=2005,
  month=Mar # " 22 "
}

@misc{gutmann:style,
  title="X.509 Style Guide",
  author="Peter Gutmann",
  month=Oct,
  year=2000,
  publisher="Univeristy of Auckland",
  url="http://www.cs.auckland.ac.nz/~pgut001/pubs/x509guide.txt"
}


@article{fileprune,
  author="Diomidis Spinellis",
  title="Organized pruning of file sets",
   journal=";login:",
  volume=28,
  issue=3,
  pages="39--42",
  month=Jun,
  year=2003, 
  url="http://www.spinellis.gr/pubs/trade/2003-login-prune/html/prune.html"
}

@misc{tmc:web,
  url="http://www.csl.sony.co.jp/person/rekimoto/tmc/",
 author = {Jun Rekimoto},
  title="Time-Machine Computing",
  year=1999,
  note="Cited on April 1, 2005"
}
@article{844146,
 author = {Carl A. Waldspurger},
 title = {Memory resource management in {VMware ESX} server},
 journal = {SIGOPS Oper. Syst. Rev.},
 volume = {36},
 number = {SI},
 year = {2002},
 issn = {0163-5980},
 pages = {181--194},
 doi = {http://doi.acm.org/10.1145/844128.844146},
 publisher = {ACM Press},
 address = {New York, NY, USA},
 }

@article{cnet:trojan_screensaver,
  title="Trojan poses as Lycos Europe screensaver",
  author="Dan Ilett",
  journal="CNET News.com",
  year=2004,
  month=Dec # " 7 ",
  url="http://news.com.com/Trojan+poses+as+Lycos+Europe+screensaver/2100-7349_3-5481674.html"
}

@misc{microsoft:ngscb,
  title="Next-Generation Secure Computing Base",
  author="Microsoft",
  year=2005,
  url="http://www.microsoft.com/resources/ngscb/default.mspx",
  note="Cited on April 2, 2005"
}

@book{combatting_aids,
  title="Combatting AIDS: Communication Strategies in Action",
  publisher="Sage Publications",
  year=2003,
  location="California",
  author="Arvind Singhal and Everett M. Rogers"
}

@misc{zelonis:04,
  title="Avoiding the Cyber Pandemic: A Public Health Approach to Preventing Malware Propagation",
 author="Kim Zelonis",
  note="Master's Thesis",
  institution="Carnegie Mellon University",
  year=2004,
  month="Fall"
}

@article{342022,
 author = {Jef Raskin},
 title = {The humane interface (book excerpt)},
 journal = {Ubiquity},
 volume = {1},
 number = {14},
 year = {2000},
 pages = {3},
 doi = {http://doi.acm.org/10.1145/341845.342022},
 publisher = {ACM Press},
 address = {New York, NY, USA},
 }
 
@inproceedings{985704,
 author = {Leah Findlater and Joanna McGrenere},
 title = {A comparison of static, adaptive, and adaptable menus},
 booktitle = {CHI '04: Proceedings of the {SIGCHI} conference on Human factors in computing systems},
 year = {2004},
 isbn = {1-58113-702-8},
 pages = {89--96},
 location = {Vienna, Austria},
 doi = {http://doi.acm.org/10.1145/985692.985704},
 publisher = {ACM Press},
 address = {New York, NY, USA},
 }

@misc{microsoft:clippy,
  title="Farewell {Clippy:} What's Happening to the Infamous Office Assistant in Office {XP}",
  author="Microsoft",
  year=2001,
  month=Apr # " 11 ",
  url="http://www.microsoft.com/presspass/features/2001/apr01/04-11clippy.asp"
}

@inproceedings{1018745,
 author = {Jun Xiao and John Stasko and Richard Catrambone},
 title = {An Empirical Study of the Effect of Agent Competence on User Performance and Perception},
 booktitle = {AAMAS '04: Proceedings of the Third International Joint Conference on Autonomous Agents and Multiagent Systems},
 year = {2004},
 isbn = {1-58113-864-4},
 pages = {178--185},
 location = {New York, New York},
 doi = {http://dx.doi.org/10.1109/AAMAS.2004.61},
 publisher = {IEEE Computer Society},
 address = {Washington, DC, USA},
 }

@article{vm/370,
  author="R. J. Creasy",
  title="The Origin of the {VM/370} Time-Sharing System",
  journal="IBM Journal of Research and Development",
  volume=25,
  issue=5,
  month=Sep,
  year=1981
}

@inproceedings{322582,
 author = {Jun Rekimoto},
 title = {Time-machine computing: a time-centric approach for the information environment},
 booktitle = {UIST '99: Proceedings of the 12th annual ACM symposium on User interface software and technology},
 year = {1999},
 isbn = {1-58113-075-9},
 pages = {45--54},
 location = {Asheville, North Carolina, United States},
 doi = {http://doi.acm.org/10.1145/320719.322582},
 publisher = {ACM Press},
 address = {New York, NY, USA},
 }


@phdthesis{dm:sfs,
  author="David Mazi\`{e}res",
  title="Self-certifying File System",
  year=2000,
  school="Massachusetts Institute of Technology",
  month=May
}

@inproceedings{strunk:s4,
  title="Self-Securing Storage: Protecting Data in Compromised Systems",
  url="http://www.usenix.org/events/osdi2000/full_papers/strunk/strunk_html/",
   pages="165--180",
   author=" John D. Strunk and  Garth R. Goodson and  Michael L. Scheinholtz and  Craig A.N. Soules and  Gregory R. Ganger",
  booktitle="Proceedings of the 4th USENIX OSDI Symposium",
  year=2000,
  month=Oct # " 23--25",
  location="San Diego, California",
  publisher="Usenix"
}

@misc{microsoft:xp_powertoys,
  url="http://www.microsoft.com/windowsxp/downloads/powertoys/xppowertoys.mspx",
  title="Microsoft PowerToys for Windows {XP}",
  year=2005,
  author="Microsoft~Corporation"
}

@misc{baker:ietf,
  title="Re: [hcisec] Outlook bug: altered digitally signed messages not reported",
  author="Phillip Hallam-Baker",
  year=2005,
  month=Apr # " 1 ",
  note="Message-ID a123a5d6050401105218cffc7a@mail.gmail.com sent to the HCI-SEC mailing list"
}

@misc{w3c:interaction_domain,
  author="Philipp Hoschka",
  title="W3C Interaction Domain",
  year=2004,
  month=Oct # " 28 ",
  url="http://www.w3.org/Interaction/"
}


@misc{bellare:252,
  title="Security Proofs for Identity-based Identification and Signature Schemes",
  author="Mihir Bellare and Chanathip Namprempre and Gregory Neven",
  year=2004, 
  publisher="Cryptology ePrint Archive",
  url="http://eprint.iacr.org/2004/252.pdf",
  note="Updated version of \cite{bellare:04}"
}

@inproceedings{bellare:04,
  title="Security Proofs for Identity-based Identification and Signature Schemes",
  author="Mihir Bellare and Chanathip Namprempre and Gregory Neven",
  year=2004,
  booktitle="Advances in Cryptology --- Eurocrypt 2004",
  volume="3027 of Lecture notes in Computer Science",
  editor="C. Cachin and J. Camenisch",
  publisher=2004,
  pages="268--286"
}
  



@inproceedings{19483,
 author = {Adi Shamir},
 title = {Identity-based cryptosystems and signature schemes},
 booktitle = {Proceedings of CRYPTO 84 on Advances in cryptology},
 year = {1985},
 isbn = {0-387-15658-5},
 pages = {47--53},
 location = {Santa Barbara, California, United States},
 publisher = {Springer-Verlag New York, Inc.},
 address = {New York, NY, USA},
 }

@article{eric_norman_hex,
  title="Re: [hcisec] {PGP} fingerprints on business cards and hash visualization",
  author="Eric Norman",
  year=2005,
  month=Mar # "  26 ",
  note="Message-ID 0a7a6191c82f5c11d29d3ce53232f35f@doit.wisc.edu",
  journal="hcisec@yahoogroups.com"
}


@article{oregon:least_astonishment,
  title="Principle Of Least Astonishment",
  url="http://c2.com/cgi/wiki?PrincipleOfLeastAstonishment",
  journal="Oregon Pattern Repository", 
  author="Tom Anderson and David Brady",
  year=2004,
  month=Nov # " 15 "
}

@inbook{raymond:least_surprise,
  title="The Art of UNIX Programming",
  chapter="Chapter 11: Interfaces; Applying the Rule of Least Surprise",
  author="Eric S. Raymond",
  url="http://www.faqs.org/docs/artu/ch11s01.html", 
  year=2003,
  publisher="Addison-Wesley Profesional"
}
  
@misc{6.033,
  title="Topics in the Engineering of Computer Systems (working title)",
  author="Jerome H. Saltzer and M. Frans Kaashoek",
  year=2005,
  note="draft release 2.0",
  url="http://mit.edu/6.033/www/reference.html"
}


@misc{procmail,
  title="Procmail Homepage",
  year=2005,
  url="http://www.procmail.org",
  author="Stephen R. van den Berg and Philip Guenther"
}

@misc{alexander:video,
  title="Patterns in architecture [videorecording]",
  author="Christopher Alexander",
  year=1996,
  month=Oct # " 8",
  publisher="University Video Communications and the Association for Computing Machinery",
  location="Stanford, CA",
  note="Recorded at OOPSLA 1996, San Jose, California"
}

@misc{palm:887,
  title="Resetting your device (Soft, System/Warm, Hard, In-Cradle, Power Down, Battery Disconnect, Zero Out)",
  author="{palmOne, Inc.}",
  note="Solution ID 887",
  year=2005,
  url="http://kb.palmone.com/SRVS/CGI-BIN/WEBCGI.EXE?New,Kb=PalmSupportKB,ts=Palm_External2001,case=obj(887)"
}

@article{norman:neverlost,
  title="Privacy and car navigational systems",
  year=1997,
  month=May # " 31 ",
  url="http://catless.ncl.ac.uk/Risks/19.20.html\#subj3.1",
  journal="The Risks Digest",
  volume=19,
  issue=20,
  author="Don Norman"
}

@book{alexander:timeless,
  title="The Timeless Way of Building",
  publisher="Oxford University Press",
  year=1979,
  author="Christopher Alexander"
}

@book{alexander:pattern_language,
  title="A Pattern Language: towns, buildings, construction",
  publisher="Oxford University Press",
  year=1977,
  author="Christopher Alexander and  Sara Ishikawa and  Murray Silverstein",
  note="(with Max Jacobson, Ingrid Fiksdahl-King and Shlomo Angel)"
}

@article{181617,
 author = {Doug Lea},
 title = {Christopher Alexander: an introduction for object-oriented designers},
 journal = {SIGSOFT Softw. Eng. Notes},
 volume = {19},
 number = {1},
 year = {1994},
 issn = {0163-5948},
 pages = {39--46},
 doi = {http://doi.acm.org/10.1145/181610.181617},
 url="http://gee.cs.oswego.edu/dl/ca/ca/ca.html",
 publisher = {ACM Press},
 address = {New York, NY, USA}
 }

@techreport{avonics:patterns,
  title="Design Patterns for Avionics Control Systems",
  author="Doug Lea", 
  url="http://g.oswego.edu/dl/acs/acs/acs.html",
  year=1994,
  version="0.9.6",
  institution="SUNY Oswego \& NY CASE Center",
  number=" DSSA Adage Project ADAGE-OSW-94-01"
} 

@article{ross:10rules,
  title="Ten General Security Rules 1--5",
  author="Seth Ross",
  journal="Securius.com",
  publisher="PC~Guardian",
  url="http://www.securius.com/newsletters/Ten_General_Security_Rules_1-5.html",
  year=2005,
  volume=1,
  number=5
}

@misc{farmer:96,
  month=Dec # " 21 ",
  year=1996,
  author="Dan Farmer",
  title="Personal Communication",
  location="San Francisco, CA"
}


@misc{oecd1980,
  title="Guidelines on the Protection of Privacy and Transborder Flows of Personal Data",
  year=1980,
  url="http://www.oecd.org/document/18/0,2340,en_2649_34255_1815186_1_1_1_1,00.html",
  author="{Organisation for Economic Co-operation and Development}"
}

@article{shneiderman82,
  title="The future of interactive systems and the emergence of direct manipulation",
  author="Ben Shneiderman",
  year=1982,
  journal="Behaviour and Information Technology",
  volume=1,
  pages=" 237--256"
}

@book{design-patterns,
  title="Design Patterns: Elements of Reusable Object-Oriented Software",
  author="Erich Gamma and Richard Helm and Ralph Johnson and John Vlissides",
  publisher="Addison-Wesley Professional",
  year=1995
}

@inproceedings{pierce:review34,
  title="The 34th Rovenstine Lecture: The establishment of the {APSF} and the {ASA} Closed Claims Study", 
  author="{Ellison C. Pierce, Jr., MD}",
  url="http://www.apsf.org/about/rovenstine/part1.mspx",
  location="Atlanta, GA",
  month=Oct,
  year=1995,
  booktitle="The American Society of Anesthesiologists' Annual Meeting",
  publisher="Anesthesia Patient Safety Foundation"
}

@misc{mozilla:jargon,
  title="Mozilla Jargon File",
  month=Sep # " 9 ",
  year=2004,
  url="http://www.mozilla.org/docs/jargon.html",
  author="{The Mozilla Organization}"
}

@misc{risk:patterns,
  title="The Risk Management Catalog",
  author="Alistair Cockburn",
  organization="Humans and Technology",
  url="http://members.aol.com/acockburn/riskcata/risktoc.htm",
  note="unpublished; cited on March 25, 2005",
  year=2005
}

@misc{digitalid,
  title="{Digital ID} (Service Mark)",
  note="Serial Number 75160774",
  author="{VeriSign, Inc.}",
  year=1996,
}

@misc{digitalid2,
  title="Digital {ID} (Service Mark)",
  note="Serial Number 74208016",
  author="{John C. Brezina}",
  year=1991
}
  


@inproceedings{288210,
 author = {Perdita Stevens and Rob Pooley},
 title = {Systems reengineering patterns},
 booktitle = {SIGSOFT '98/FSE-6: Proceedings of the 6th ACM SIGSOFT international symposium on Foundations of software engineering},
 year = {1998},
 isbn = {1-58113-108-9},
 pages = {17--23},
 location = {Lake Buena Vista, Florida, United States},
 doi = {http://doi.acm.org/10.1145/288195.288210},
 publisher = {ACM Press},
 }

@techreport{ lea94design,
    author = "Doug Lea",
    title = "Design Patterns for Avionics Control Systems",
    number = "ADAGE-OSW-94-01",
    year = "1994",
    month = Nov # " 20 ",
    note="DRAFT Version 0.9.6",
    institution="SUNY Oswego \& NY Case Center",
    url = "citeseer.ist.psu.edu/lea95design.html" 
}

@book{iso17799,
  title="BS ISO/IEC 17799: 2000 (BS 7799-1:2000): Information Technology --- Code of Practice for Information Security Management",
  year=2000,
  publisher="British Standards Institute",
  author="{ISO}"
}

@book{X509v4,
  title="{ITU-T} recommendation {X.509} | {ISO/ITEC} 9594-8: Information Technology---{Open Systems Interconnection}---The Directory: Public-Key and Attribute Certificate Frameworks",
  year=2001,
  month=Feb # " 23 ",
  note="COM 7-250-E Revision 1",
  author="{Telecommunication Standardizaton Sector}",
  publisher="International Telecommunication Union"
}


@misc{mitis:1187,
  url="http://itinfo.mit.edu/answer.php?id=1187",
  title="Q: When I log into the web client I am getting a message that says my password is being sent in the clear, is that true?",
  author="{MIT~IST}",
  month=Jun # " 9 ",
  year=2003
}

@misc{stolper:1,
  title="Personal communication",
  year=2004,
  month=Jan # " 1 ",
  author="Debbie Stolper", 
  organization="RSA Security"
}

@article{smartcomputing:spyware,
  title="Beware Of Spyware, Adware \& Sneakware",
  author="Alan Luber",
  url="http://www.smartcomputing.com/editorial/article.asp?article=articles/2004/s1508/14s08/14s08.asp",
  month=Aug,
  volume=15,
  issue=8,
  year=2004,
  pages="47--50",
  journal="Smart Computing"
}

@misc{david.exe,
   title="FTC Says Internet Scam Re-Routes `Surfers' To International Telephone Lines: High-Tech Scheme Cost Consumers Hundreds of Thousands in Illegally-Billed Computer Time",
   author="{Federal Trade Comission}",
   year=1997,
   month=Feb # " 19 ",
   url="http://www.cslib.org/attygenl/press/1997/comp/audiotex.htm",
   key="FTC"
}




@article{gilbert:rfid,
  title="California lawmaker introduces {RFID} bill",
  month=Feb # " 24 ",
  year=2004,
  url="http://news.zdnet.com/2100-3513_22-5164457.html",
  author="Alorie Gilbert",
  journal="CNet News.com"
}

@article{roberti:no_legislation,
  title="Legislation Isn't the Answer",
  author="Mark Roberti",
  year=2004,
  month=Jul # " 19 ",
  journal="RFID Journal",
  url="http://www.rfidjournal.com/article/articleview/1031/1/2/"
}

@misc{vjcts:work_plan,
  month=May # " 26 ",
  year=2004,
  title="2004--2005 Commission Work Plan",
  author="{Virginia Joint Commission on Technology \& Science}",
  url="http://jcots.state.va.us/publications/work\%20plans/workplan04.htm"
}

@article{rfidjournal:ca_reject,
  title="California {RFID} Legislation Rejected",
  author="Claire Swedberg",
  year=2004,
  month=Jul # " 5 ",
  journal="RFID Journal",
  url="http://www.rfidjournal.com/article/articleview/1015/1/1/"
}

@misc{epcglobal:rules,
  title="Guidelines on EPC for Consumer Products",
  author="EPCglobal",
  year=2005,
  url="http://www.epcglobalinc.org/public_policy/public_policy_guidelines.html"
}

@misc{keyserver.kjsl.com,
  author="Jason Harris",
  month=Mar # " 20 ",
  year=2005,
  url="http://keyserver.kjsl.com/~jharris/ka/2005-03-20/keyring_stats",
  title="Keyring Stats"
}

@misc{thawte:feb26,
  author="Cheridan Inglis",
  title="Personal communication from Thawte public relations",
  year=2005,
  month=Feb # " 26 "
}

@inproceedings{ fox99harvest,
    author = "Armando Fox and Eric A. Brewer",
    title = "Harvest, Yield and Scalable Tolerant Systems",
    booktitle = "Workshop on Hot Topics in Operating Systems",
    pages = "174-178",
    year = "1999",
    publisher = "IEEE Computer Society Press",
   location="Rio Rico, Arizona, USA",
   month=Mar # " 28--30 ",
    url = "citeseer.ist.psu.edu/fox99harvest.html" }

@inproceedings{ birrell86global,
    author = "Andrew Birrell and Butler W. Lampson and Roger M. Needham and Michael D. Schroeder",
    title = "A Global Authentication Service without Global Trust",
    booktitle = "{IEEE} Symposium on Security and Privacy",
    pages = "223-230",
    year = "1986",
    url = "citeseer.ist.psu.edu/birrell86global.html" 
}

@book{kps02,
  title="Network Security: Private Communication in a Public World",
  edition="Second",
  author="Charlie Kaufman and Radia Perlman and Mike Speciner",
  year=2002,
  publisher="Prentice Hall"
}


@misc{idl:homograph,
  title="CENTR Statement on {IDN} Homograph Attacks",
  month=Feb # " 22 ",
  year=2005,
  author="{The Council of European National TLD Registries}",
  url="http://www.centr.org/docs/2005/02/homographs.html"
}

@misc{mozilla:idn,
  author="Gervase Markham",
  publisher="The Mozilla Foundation",
  url="http://weblogs.mozillazine.org/gerv/archives/007556.html",
  title="{IDN} Spoofing Strategy",
  year=2005,
  month=Feb # " 15 "
}

@inproceedings{343502,
 author = {Eric A. Brewer},
 title = {Towards robust distributed systems (abstract)},
 booktitle = {PODC '00: Proceedings of the nineteenth annual ACM symposium on Principles of distributed computing},
 year = {2000},
 isbn = {1-58113-183-6},
 pages = {7},
 location = {Portland, Oregon, United States},
 doi = {http://doi.acm.org/10.1145/343477.343502},
 publisher = {ACM Press},
 }

@misc{verisign:revoke,
  title="Manage {SSL} Certificates from {VeriSign, Inc.}",
  author="VeriSign, Inc.",
  url="http://www.verisign.com/products-services/security-services/ssl/current-ssl-customers/manage-ssl-certificates/index.html",
  year=2005,
  note="Cited on March 22, 2005"
}


@misc{verisign:cps,
  title="VeriSign Certification Practice Statement, Version 3.0",
  month=Apr # " 1",
  year=2005,
  author="VeriSign",
  url="http://www.verisign.com/repository/CPS/VeriSignCPSv3_03.15.05.pdf"
}

@misc{wiki:x400,
  title="X.400",
  url="http://en.wikipedia.org/wiki/X.400",
  publisher="Wikimedia",
  author="Wikipedia",
  note="Cited on March 22, 2005"
}

@misc{alvestrand:x400,
  title="X.400 Frequenty Asked Questions",
  url="http://www.alvestrand.no/x400/faq-mhsnews.html",
  author="Harald T. Alvestrand",
  year=1997,
  month=Oct # " 27 ",
  note="Cited on March 22, 2005",
  publisher="comp.protocols.iso.X400"
}


@book{atlarge,
  title="At Large: The Strange Case of the World's Biggest Internet Invasion",
  author="David H. Freedman and Charles C. Mann",
  publisher="Simon \& Schuster",
  year=1997
}

@misc{ardita,
  title="Affidavit In Support of Complaint",
  author="Peter Garza",
  url="http://www.simson.net/ref/1996/ardita.pdf",
  note="Prepared in connection with the criminal prosecution of Julio Cesar Ardita",
  publisher="Federal Bureau of Investigation",
  year=1996
}


@misc{netscape:1,
  title="{Netscape Communications} Offers New Network Navigator Free on the {Internet}",
  year=1994,
  month=Oct # " 13 ",
  url="http://cgi.netscape.com/newsref/pr/newsrelease1.html",
  author="{Netscape Communications}",
  key="Netscape",
}

@misc{netscape:8,
  title="Netscape Communications Ships Release 1.0 of Netscape Navigator and Netscape Servers",
  year=1994,
  month=Dec # " 15 ",
  url="http://cgi.netscape.com/newsref/pr/newsrelease8.html",
  author="{Netscape Communications}",
  key="Netscape"
}

@misc{netscape:43,
  title="Netscape Introduces Netscape Navigator 2.0",
  year=1994,
  month=Sep # " 18 ",
  url="http://cgi.netscape.com/newsref/pr/newsrelease43.html",
  key="Netscape",
  author="{Netscape Communications}"
}



@misc{levy:1,
  title="Personal Communication",
  year=2004,
  month=Jan # " 19 ",
  author="Benjamin Levy"
}


@misc{kastenholz-1,
  author="Frank Kastenholz",
  title="Re: skeeter \& bubba TCP options?",
  year=2001,
  month=Nov # " 30 ",
  note="in message 200111300021.fAU0LW508101@boreas.isi.edu sent to the Internet-History mailing list",
  url="http://www.postel.org/pipermail/internet-history/2001-November/000071.html"
}

@article{roth:e-mail,
  author="Volker Roth",
  title="A User-Centric Approach to Encrypted E-Mail",
  year=2005,
  organization="Fraunhofer IGD, Darmstadt, Germany",
  journal="International Journal of Human-Computer Studies",
  note="Tenatively accepted for publication"
}


@misc{hushmail,
  title="How {Hushmail} Works",
  year=2005,
  note="Accessed on March 20, 2005",
  url="http://www.hushmail.com/about-how",
  author="Hushmail.com"
}



@misc{gutman:on_signatures,
  title="Re: [hcisec] Re: ``Majority of Sprint customers turn off passwords''",
  note="Yahoogroups HCISEC mailing list,Message-ID E1D8r3Y-0003Re-00@medusa01.cs.auckland.ac.nz",
  year=2005,
  month=Mar # " 9 ",
  author="Peter Gutmann"
}

@misc{clown-suit,
  title="Re: Purpose of PEM string",
  author="Doug Porter",
  note="posting to pem-dev@tis.com mailing list, message-ID 93Aug16.003350pdt.13997-2@well.sf.ca.us",
  month=Aug # " 16 ",
  year=1993
}

@article{eprml,
  journal="PCGuide.com",
  title="Extended PRML (EPRML)",
  url="http://www.pcguide.com/ref/hdd/geom/dataEPRML-c.html",
  year=2004,
  author="Charles M. Kozierok"
}

@misc{man:tunefs,
  title="tunefs --- tune up an existing file system",
  year=2002,
  month=May # " 18 ",
  author="{The FreeBSD Project}",
}

@misc{selinux:editor,
  title="SELinux Policy Editor",
  url="http://www.selinux.hitachi-sk.co.jp/en/tool/selpe/selpe-top.html",
  author="Hitachi Software Engineering Co.",
  year=2003
}

@inproceedings{508996,
 author = {Eva S\"{o}derstr\"{o}m},
 title = {Standardising the business vocabulary of standards},
 booktitle = {SAC '02: Proceedings of the 2002 ACM symposium on Applied computing},
 year = {2002},
 isbn = {1-58113-445-2},
 pages = {1048--1052},
 location = {Madrid, Spain},
 doi = {http://doi.acm.org/10.1145/508791.508996},
 publisher = {ACM Press},
 }

@misc{blaze:joke,
  author="Matt Blaze",
  note="Hall comment at an RSA security conference attributed to Matt Blaze, reported by Peter Gutmann",
  year=2000
}

@article{good_enough,
  title="Good-Enough Security: Toward a Pragmatic Business-Driven Discipline",
  author="Ravi Sandhu",
  url="http://www.list.gmu.edu/journals/ic/03-sandhu-good.pdf",
  journal="IEEE Internet Computing",
  year=2003,
  month=jan # " / " # feb,
  pages="66--68",
  publisher="IEEE Computer Society"
}

@article{374515,
 author = {Steven Alter},
 title = {Same words, different meanings: are basic {IS/IT} concepts our self-imposed {Tower} of {Babel}?},
 journal = {Commun. AIS},
 volume = {3},
 number = {3es},
 year = {2000},
 pages = {2},
 publisher = {Association for Information Systems},
 }

@article{leyden:sanitization,
  title="Oops! Firm accidentally eBays customer database",
  author="John Leyden",
  year=2004,
  month=Jun # " 7 ",
  journal="The Register",
  url="http://www.theregister.co.uk/2004/06/07/hdd_wipe_shortcomings/"
}

@misc{pointsec:fiver,
  url="http://www.pointsec.com/news/news_pressrelease.asp?PressID=2004_June_8",
  title="A fiver buys access \& log-in codes to major financial services group",
  month=Jun # " 8 ",
  year=2004,
  author="Pointsec~Mobile~Technologies"
}

@misc{warez_history,
   url="http://www.rajuabju.com/warezirc/historyofaolwarez.htm",
   author="{RajuAbju Inc.}",
   title="History of {AOL} Warez",
   year="2003"
}

@misc{hale,
  title="Personal Communication",
  year=2003,
  author="Richard Hale"
}

@misc{treacy:2004,
  author="Ambrose Treacy",
  year=2004,
  month=Oct # " 27 ",
  title=" RE: Bug in handling of {S/MIME}-signed mail in Outlook 2003 (Personal Communication)"
}

@misc{sampemane:2005,
  author="Geetanjali Sampemane",
  year=2005,
  mon=Mar # " 2 ",
  title="Re: [hcisec] Test of {S/MIME} Signature: Message 1 of 2 (Personal Communication)"
}

@misc{martin:2005,
  author="David Martin",
  year=2005,
  mon=Mar # " 2 ",
  title="Re: [hcisec] Test of {S/MIME} Signature: Message 2 of 2 (Personal Communication)"
}


@misc{netscape:communicator_preview,
  title="Preview release of netscape communicator fuels use of web-based email
netscape teams with content and service providers to encourage users to try next-generation email client",
  year=1997,
  mon=Jan # " 8 ",
  url="http://wp.netscape.com/newsref/pr/newsrelease314.html",
  key="Netscape",
  publisher="Netscape"
}

@misc{microsoft:smime_announcement,
   title="The Microsoft Internet Security Framework: Technology for Secure Communication, Access Control, and Commerce",
   author="Microsoft~Corporation",
   year=1996,
   mon=Dec # " 20 ",
   url="http://msdn.microsoft.com/library/default.asp?url=/library/en-us/dnsecure/html/msdn_misf.asp"
}

@misc{ntk:list,
   title="Yahoo's Seven Word Fragments You Can't Say In HTML Email",
   url="http://www.ntk.net/2002/07/12/yahoo.txt",
   year=2002,
   month=Jul # " 12 ",
   key="NTK"
}

@misc{ntk:medireview,
   title="HARD NEWS",
   year=2002,
   month=Jul # " 12 ",
   key="NTK",
   url="http://www.ntk.net/2002/07/12/"
}

@misc{pew,
   title="{Pew Internet \& American Life Project}",
   url="http://www.pewinternet.org/",
   year=2005,
   key="PEW"
}

@misc{cypherpunk_manifesto,
  title="A Cypherpunk's Manifesto",
  author="Eric Hughes",
  month=Mar # " 9 ",
  year=1993,
  url="http://www.activism.net/cypherpunk/manifesto.html"
}

@misc{fact_act_rule,
   url="http://www.ftc.gov/os/2004/11/041118disposalfrn.pdf",
   year=2004,
   title="Disposal of Consumer Report Information and Records, Final Rule",
   month=Nov,
   author="{Federal Trade Commission}"
}


@misc{ftc:facta,
  title="Disposal of Consumer Report Information and Records",
  year=2004,
  month=Nov # " 18 ",
  note="Final Rule",
  url="http://www.ftc.gov/os/2004/11/041118disposalfrn.pdf",
  author="Federal Trade Comission",
  key="FTC"
}

@misc{ftc:facta:pr,
  title="{FTC} Issues Final Regulation on Consumer Information and Records Disposal",
  url="http://www.ftc.gov/opa/2004/11/factadisposal.htm",
  year=2004,
  month=Nov # " 18 ",
  key="FTC",
  note="Press Release",
  author="Federal Trade Comission",
  key="FTC"

}

@article{sec:facta,
  title="17 CFR Part 248, Disposal of Consumer Report Information",
  note="Final Rule",
  author="Securities and Exchange Commission",
  key="SEC",
  journal="Federal Register",
  volume=69,
  number=235,
  year=2004,
  month=Dec # " 8 ",
  pages="71322 -- 71329",
  url="http://www.sec.gov/rules/final/34-50781.pdf"
}
  
@article{sotto:facta,
  title="New {Federal} Rule on Disposal of Consumer Information",
  author="Lisa J. Sotto",
  pages="12--14",
  month=Jan,
  year=2005,
  journal="Privacy Officers Advisor",
  publisher="International Association of Privacy Professionals"
}


@article{hopper:enron,
  title="Investigators piecing together Enron's digital trail",
  author="Ian D. Hopper",
  url="http://www.usatoday.com/tech/news/2002/01/16/enron-digital-trail.htm",
  journal="Associated Press",
  month=Jan # " 16 ",
  year=2002
}

@article{bohm:fraud,
  title="Electronic Commerce: Who Carries the Risk of Fraud?",
  author="Nicholas Bohm and Ian Brown and Brian Gladman",
  url="http://www2.warwick.ac.uk/fac/soc/law/elj/jilt/2000_3/bohm/",
  year=2000,
  issue=3,
  journal="Journal of Information Law \& Technology"
}

@article{processor:email_clients,
  author="David Garrett",
  title="Outlook \& Its Rivals",
  month=Oct # " 1 ",
  year=2004,
  vol=26,
  issue=40,
  journal="Processor"
}


@misc{symantec:klez,
  title="Symantec Security Response---W32.Klez.H@mm",
  author="Symantec",
  year=2004,
  month= Jun# "6",
  url="http://securityresponse.symantec.com/avcenter/venc/data/w32.klez.h@mm.html"
}


@misc{westermeier,
  title="General Law Update -- Part 2 -- Legal ethics and the Net, UCC Article 2B, Encryption and New Computer Cases",
  note="Prepared for The Computer Law Association World Computer Law Congress and 1997 Computer \& Telecommunciations Law Update",
  location="Washington DC",
  month = Apr # "24--25",
  year=1997,
  author="{J. T. Westermeier}",
  url="http://www.cla.org/update\%2097.pdf"
}

@misc{shostack:shttp,
  title="An Overview of SHTTP",
  author="Adam Shostack",
  year=1995,
  month=May,
  url="http://www.homeport.org/~adam/shttp.html",
  note="Unpublished"
}

@inproceedings{wood84,
  title="Logging, Security Experts, Data Base, and Crypto Key management",
  year=1984,
  booktitle="Proceedings ACM'84 Annual Conference: The Fifth Generation Challenge",
  author="Charles {C.} Wood",
  month= Oct # " 8--10 ",
  publisher="ACM Press"
}

@article{honeynet:life_expectancy,
  title="Trend: Life expectancy increasing for unpatched or vulnerable {Linux} deployments",
  month=Dec # " 17 ",
  year=2004,
  author="The~Honeynet~Project",
  key="Honeynet",
  journal="Know Your Enemy --- Trend Analysis",
  url="http://www.honeynet.org/papers/trends/life-linux.pdf"
}

@article{506092,
 author = {Stefan Ludwig and Winfried Kalfa},
 title = {File system encryption with integrated user management},
 journal = {SIGOPS Oper. Syst. Rev.},
 volume = {35},
 number = {4},
 year = {2001},
 issn = {0163-5980},
 pages = {88--93},
 doi = {http://doi.acm.org/10.1145/506084.506092},
 publisher = {ACM Press},
}

@misc{saltzer:personal,
  title="Personal Communication",
  author="Jerome Saltzer",
  year=2004
}


@article{pcworld:hard_drives_exposed,
  title="Hard Drives Exposed: {We} bought or salvaged ten used drives and found sensitive business and personal data on all but one",
  author="Tom Spring",
  year=2003,
  month=May,
  journal="PCWorld",
  url="http://www.pcworld.com/news/article/0,aid,110012,00.asp"
}


@misc{geiger:2004,
  title="Computer-Forensic Privacy Tools: A Forensic Evaluation",
  author="Matthew Geiger",
  note="Final project in CMU 95-818: Privacy Policy, Law, and Technology",
  year=2004
}

@misc{byers:exploitation,
  title="Scalable Exploitation of, and Responses to Information Leakage Through Hidden Data in Published Documents",
  author="Simon Byers",
  year=2003,
  month=Apr # " 3 ",
  organization="AT\&T Research"
}

@book{redax,
 title="Redax User Guide, Version 3.5",
 year=2003,
 url="http://www.appligent.com",
 author="{Appligent, Inc.}",
 publisher="Appligent"
}
 

@article{ap:justice_embarassing_report,
  title="Justice Department hid parts of report criticizing diversity effort", 
  journal="Associated Press",
  author="Ron Edmonds",
  year=2003,
  month=Oct # " 31 ",
  url="http://www.usatoday.com/news/washington/2003-10-31-doj-report_x.htm"
}

@article{msnbc:justice_embarassing_report,
  title="Shhh ... someone might hear you: Access to information sharply curtailed under Ashcroft",
  author="Alex Johnson",
  url="http://msnbc.msn.com/id/6512840/",
  year=2004,
  month= Nov # " 18 ",
  journal="MSNBC"
}

@article{nyt:young_fiasco,
  title="Web Site Lists {Iran} Coup Names",
  year=2000,
  month= Jun # " 24 ",
  author="Edward Wong",
  journal="The New York Times",
  url="http://www.library.cornell.edu/colldev/mideast/irnytrep.htm"
}

@article{poulsen:justice_gaffe,
  title="Justice e-censorship gaffe sparks controversy",
  author="Kevin Poulsen",
  year=2003,
  month=Oct # " 23 ",
  journal="SecurityFocus",
  url="http://www.theregister.co.uk/2003/10/23/justice_ecensorship_gaffe_sparks_controversy/"
}

@misc{memoryhole:justice,
  url="http://www.thememoryhole.org/feds/doj-attorney-diversity.htm",
  title="The Justice Dept's Attorney Workforce Diversity Study---Uncensored",
  year=2003,
  month=Oct # " 21 ",
  author="Russ Kick"
}

@misc{msft:834427,
  title="The {Remove Hidden Data} tool for {Office~2003} and {Office~XP}",
  note="Microsoft Knowledge Base \#834427",
  author={Microsoft Corporation},
  year=2004,
  month=Aug,
  url="http://support.microsoft.com/kb/834427"
}


@misc{msft:314797,
  title="How to Minimize Metadata in {Microsoft PowerPoint} Presentations",
  note="Microsoft Knowledge Base \#314797",
  author={Microsoft Corporation},
  year=2005,
  url="http://support.microsoft.com/kb/314797"
}

@misc{msft:825576,
  title="How to Minimize Metadata in Word 2003",
  note="Microsoft Knowledge Base \#825576",
  author={Microsoft Corporation},
  year=2005,
  url="http://support.microsoft.com/kb/825576/"
}
@misc{msft:290945,
  title="How to Minimize Metadata in Word 2002",
  note="Microsoft Knowledge Base \#290945",
  author={Microsoft Corporation},
  year=2005,
  month=Jan,
  url="http://support.microsoft.com/kb/290945/"
}


@misc{msft:237361,
  title="How to Minimize Metadata in Word 2000 documents",
  note="Microsoft Knowledge Base \#237361",
  author={Microsoft Corporation},
  year=2004,
  month=Sep,
  url="http://support.microsoft.com/kb/237361/"
}

@misc{msft:223790,
  title="How to Minimize Metadata in {Microsoft Word} Documents",
  note="Microsoft Knowledge Base \#223790",
  author={Microsoft Corporation},
  year=2004,
  month=Aug,
  url="http://support.microsoft.com/kb/223790/"
}



@misc{berc:fact_sheet,
  author="{Business Environmental Resource Center}",
  title="Hazardous Waste Generator Fact Sheet",
  url="http://sacberc.org/HazWaste.html",
  year=2005
}

@misc{epa:hwms,
  title="Wastes: The Hazardous Waste Manifest System",
  author={US Environmental Protection Agency},
  year=2005, 
  url="http://www.epa.gov/epaoswer/hazwaste/gener/manifest/"
}

@misc{opera:interview,
  author="H{\aa}kon Wium Lie",
  title="personal communication",
  year=2004,
  month=Jul,
  publisher="Opera Software"
}

@misc{stiles:ccv,
  title="Credit Card Check Digit Validation",
  author="Harrell W. Stiles",
  year=1997,
  url="http://www.beachnet.com/~hstiles/cardtype.html"
}


@article{ mckusick84fast,
    author = "Marshall K. McKusick and William N. Joy and Samuel J. Leffler and Robert S. Fabry",
    title = "A Fast File System for {UNIX}",
    journal = "Computer Systems",
    volume = "2",
    number = "3",
    pages = "181-197",
    year = "1984",
    url = "citeseer.ist.psu.edu/article/mckusick84fast.html" }

@misc{webster:format,
 url="http://www.webster.com/",
 title="Format",
 key={Webster},
 publisher="Merriam-Webster",
 year=2005,
}

@misc{msdn:DeleteFile,
 title="{DeleteFile}",
 author={Microsoft Developer Network},
 year=2005,
 url="http://msdn.microsoft.com/library/en-us/fileio/base/deletefile.asp"
}

@inproceedings{google:gfs,
 author = {Sanjay Ghemawat and Howard Gobioff and Shun-Tak Leung},
 title = {The {Google} file system},
 booktitle = {SOSP '03: Proceedings of the nineteenth ACM symposium on Operating systems principles},
 year = {2003},
 isbn = {1-58113-757-5},
 pages = {29--43},
 location = {Bolton Landing, NY, USA},
 doi = {http://doi.acm.org/10.1145/945445.945450},
 publisher = {ACM Press},
 }


@misc{macos:unlink,
  note="4th Berkeley Distribution",
  title="unlink",
  publisher={University of California, Berkeley},
  year=1993,
  key="BSD"
}


@techreport{ miller87kerberos,
    author = "S. P. Miller and B. C. Neuman and J. I. Schiller and J. H. Saltzer",
    title = "Project Athena Technical Plan: Section E.2.1: {K}erberos Authentication and Authorization System",
    year = "1987",
    url = "citeseer.ist.psu.edu/miller88kerbero.html" ,
   institution="Massachusetts Institute of Technology"
    
}

@article{359659,
 author = {Roger M. Needham and Michael D. Schroeder},
 title = {Using encryption for authentication in large networks of computers},
 journal = {Commun. ACM},
 volume = {21},
 number = {12},
 year = {1978},
 issn = {0001-0782},
 pages = {993--999},
 doi = {http://doi.acm.org/10.1145/359657.359659},
 publisher = {ACM Press},
 address = {New York, NY, USA},
 }

@book{que:recovery,
  author="Scott Muller and Alan C. Elliott",
  title="QueGuide to Data Recovery",
  publisher="Que Corporation",
  year=1991
}

@misc{apple:file_vault,
  title="FileVault: Safe, secure and speedy",
  author="Apple~Computer",
  year=2005,
  url="http://www.apple.com/macosx/features/filevault/"
}

@misc{nytimes:mace_ad,
  title="Display Ad 57",
  journal="The New York Times",
  month=Feb # " 8 ",
  year=1987,
  key="Adv"
}

@article{lewis:save_drives,
  title="`{Little} Black Boxes' That Can Save a Hard Drive",
  journal="The New York Times",
  month=Apr # " 29 ",
   year=1990,
   author="Peter H. Lewis"
   }
   

@inproceedings{hosmer:risks,
  title="Visualizing Risks: Icons for Information Attack Scenarios",
  author="Hilary H. Hosmer",
  booktitle="23rd National Information Systems Security Conference",
  month=Oct # " 16--19 ",
  year=2000,
  location="Baltimore, MD",
  publisher="National Institute of Standards and Technology"
}

@misc{doner:personal05,
  author="Steve Doner",
  title="Personal Communication",
  year=2005,
  month=Feb
}

@misc{pgp.1.0,
  author="Philip Zimmermann",
  year=1991,
  month=Jun # " 5 ",
  title="Pretty Good Privacy: RSA Public Key Cryptography for the Masses"
}


@misc{pgp.1.c,
  author="Philip Zimmermann",
  publisher="Phil's Pretty Good(tm) Software",
  year="1991",
  month=Jun,
  title="pgp.c"
}

@misc{aid_austin, 
  title="Computer Drive",
  author="{Association for India's Development Austin}",
  url="http://studentorgs.utexas.edu/aidaustin/comp_drive.html",
  year=2005,
  month=Feb,
}

@misc{firsttimecomputers,
  title="Donate Your Used Computer Today",
  organization={First Time Computers},
  year=2005,
  month=Feb,
  url="http://www.firsttimecomputers.org/",
  key="FTC"
}

@book{legion_of_doom,
  author="Michelle Slatalla and Joshua Quittner",
  year=1995,
  title="Masters of Deception: The Gang That Ruled Cyberspace",
  publisher="Harper-Collins"
}

@article{yamagishi:risk,
 title="When a 12.86\% mortality rate is more dangerous than 24.14\%: Implications for risk communication",
 journal="Applied Cognitive Psychology",
 volume=11,
 pages="495--506",
 year=1997,
  author="{K.} Yamagishi"
}

@article{slovic:2000,
  author="{P.} Slovic and {J.} Monahan and {D.} {M.} MacGregor",
 title="Violence risk assessment and risk communication: The effects of using actual cases, providing instructions, and employing probability vs. frequency formats",
 journal="Law and Human Behavior", 
 volume=24,
 issue=3,
 pages="271--296",
 year=2000
}

@article{slovic:2004,
 title="Risk as Analysis and Risk as Feelings: Some Thoughts about Affect, Reason,
 Risk and Rationality",
 author="Paul Slovic and Melissa L. Finucane and Ellen Peters and Donald G. MacGregor",
 journal="Risk Analysis",
 volume=24,
 number=2,
 year=2004
}


@book{nrc:risk_communication,
  year=1989,
  author="{National Research Concil, Committee on Risk Perception and Communication}",
  title="Improving Risk Communication",
  location="Washington, DC",
  publisher="National Academy Press"
}

@article{bostrom:communicating_risk,
  title="Communicating Risk: Wireless and Hardwired",
  year=2003,
 volume=23,
 number=2,
 journal="Risk Analysis",
 pages="241--247",
  author="Ann Bostrom and Ragnar E. Lofstedt"
}


@article{microsoft:ruby,
  title="Federal Regulation Creates Economic Incentives for
Competition, Innovation Among Technology Companies",
  author="Laura Ruby",
  volume="9",
  number="1",
  month=Oct,
  year="2003",
  journal="Information Technology and Disabilities",
  url="http://www.rit.edu/~easi/itd/itdv09n1/ruby.htm"
}


@article{oblinger:accessible,
  title="Accessible Technology: Opening Doors for Disabled Students",
  year=2004, 
  month=Jan,
  pages="27--31",
  author="Diana Oblinger and Laura Ruby",
  journal="NACUBO Business Officer",
  publisher="National Association of College and University Business Officers"
}

@inproceedings{ludi:access,
 title="Access for Everyone: Introducing Accessibility Issues to Students in Internet Programming Courses",
 author="Stephanie Ludi",
 year=2002,
 month=Nov # "  6--9  ",
 booktitle="32nd ASEE/IEEE Frontiers in Education Conference",
 pages="S1C-7 -- 9",
 publisher="IEEE"
}

@article{1035138,
 author = {Eleanor T. Loiacono},
 title = {Cyberaccess: web accessibility and corporate America},
 journal = {Commun. ACM},
 volume = {47},
 number = {12},
 year = {2004},
 issn = {0001-0782},
 pages = {82--87},
 doi = {http://doi.acm.org/10.1145/1035134.1035138},
 publisher = {ACM Press},
 }

@inproceedings{ zaphiris-website,
  author = "Panayiotis Zaphiris and Giorgos Zacharia",
  title = "Website Content Accessibility of 30,000 Cypriot Web Sites",
  url = "citeseer.ist.psu.edu/442526.html" ,
  booktitle="Proceedings of the 8th Panhellenic Conference on Informatics. Nicosia, Cyprus",
  year=2001,
  month=Nov # " 8--10 ",
  pages="128--136",
  publisher="Springer-Verlag"
}

@inproceedings{zaphiris-universities,
  author ="Panayiotis Zaphiris and {R.} Darin Ellis",
  title="Website Usability and Content Accessibility of the top USA Universities",
  booktitle="In Proceedings of WebNet 2001 Conference",
  month=Oct # " 23--27 ",
  year=2001,
  location={Orlando, FL},
  longurl="http://www.soi.city.ac.uk/~zaphiri/Papers/accessibility-webnet.pdf",
  publisher="Association for the Advancement of Computing in Education"
}  

@inproceedings{hackett,
  title="Accessibility of Internet Websites through Time",
  author="Stephanie Hackett and Bambang Parmanto and Xiaoming Zeng",
  year=2004,
  booktitle="The 6th International ACM/SIGCAPH Conference on Assistive Technologies",
  month=Oct # " 18--20 ",
  location="Atlanta, GA",
  pages="32--39",
  publisher={ACM Press}
}


@misc{bobby,
  author="{Watchfire Corporation}",
  url="http://bobby.watchfire.com/bobby",
  year=2005,
  title="Welcome to {Bobby WorldWide}"
}

@article{interactions:bridging,
  title="Bridging the Gap Between Accessibility and Usability",
  journal="Interactions", 
  month="November/December",
  year=2003,
  author="Mary Frances Theofanos and Janice Redish",
  pages="36--45"
}

@article{interactions:universal,
  title="Universal, Ubiquitious, User-Interface Design for the Disabled and Elderly",
  journal="Interactions",
  month="March/April",
  year=2003,
  author="Aaron Marcus",
  pages="23--27"
}

@book{wall:perl,
  title="Programming Perl", 
  publisher="O'Reilly",
  author="Larry Wall and Tom Christiansen and Jon Orwant",
  year=2000
}
  

@article{pgn:puns,
 author = {Peter G. Neumann},
 title = {Inside risks: a few old coincidences},
 journal = {Commun. ACM},
 volume = {33},
 number = {9},
 year = {1990},
 issn = {0001-0782},
 pages = {202--202},
 doi = {http://doi.acm.org/10.1145/83880.84533},
 publisher = {ACM Press},
 }

@techreport{barriers,
  author="{MIT Computer Science Female Graduate Students a{n}d Research Staff}",
  title="Barriers to Equality in Academia: Women in Computer Science at {MIT}",
  institution="Massachusetts Institute of Technology",
  month=Feb,
  year=1983,
  url="http://www.simson.net/ref/1983/barriers.pdf"
}

@techreport{ellen:why,
   author="Ellen Spertus",
   title="Why are there so few female computer scientists?",
   number="\#315",
   year=1991,
   institution="MIT Artificial Intelligence Laboratory",
   url="ftp://publications.ai.mit.edu/ai-publications/pdf/AITR-1315.pdf"
}

@article{alert:factorx2,
  title="Factor x 2: Are passwords really so bad? {Are} tokens any better?",
  author="Robert Richardson",
  year=2005, 
  publisher="Computer Security Institute",
  month=Jan,
  pages="1--4",
  journal="Computer Security Alert"
}
  

@book{visible_ops,
  title="The Visible Ops Handbook: Starting ITIL in 4 Practical Steps",
  author="Gene Kim and Kevin Behr and George Spafford",
  publisher="Information Technology Process Institute",
  month=Jun,
  year=2004
}

@misc{sans:top20,
  title="The Twenty Most Critical Internet Security Vulnerabilities (Updated) --- The Experts Consensus",
   month=Oct # " 8 ",
  year="2004",
  url="http://www.sans.org/top20/",
  author="{SANS Institute}"
}

@misc{sasse:summer2004,
  author="{M.} Angela Sasse",
  title="Personal Communication",
  month=Jul,
  year="2004"
}

@incollection{sasse:cybertrust,
  author="{M.} Angela Sasse",
  title="Usability and trust in information systems",
  booktitle="Cyber Trust in Information Societies",
  publisher="Edward Elgar",
  year=2004,
  editor="Robin Mansell  and Brian {S.} Collins"
}
  

@incollection{lederer04,
  title="Personal Privacy Through Understanding and Action: Five Pitfalls for Designers",
 author="Scott Lederer and Jason {I.} Hong and Anid {K.} Dey and James {A.} Landay",
  year=2004,
  publisher="Springer-Verlag",
  booktitle="Personal and Ubiquitious Computing"
}
  

@book{voltaire:1764,
  author="Voltaire (Francois-Marie Arouet)",
  title="Dictionnaire philosophique",
  year=1764,
  publisher="Voltaire Foundation"
}

@inproceedings{ dole97misplaced,
  author = "B. Dole and S. Lodin and E. Spafford",
  author_a = "B. Dole and S. Lodin and Eugene H. Spafford",
  title = "Misplaced trust: Kerberos 4 session keys",
  booktitle = "Proceedings of 4th Symposium on Network and Distributed System
    Security",
  publisher="IEEE Press",
  pages="60--71",
  year = "1997",
  url = "citeseer.ist.psu.edu/dole97misplaced.html" }


@misc{prz:2001,
  author="Philip Zimmermann",
  year=2000,
  title="Statement made at the 'Future of {PGP} Luncheon' at the The Eleventh Conference on Computers, Freedom and Privacy",
  location="Cambridge, MA"
}

@article{334463,
 author = {Ian Brown and C. R. Snow},
 title = {A proxy approach to e-mail security},
 journal = {Softw. Pract. Exper.},
 volume = {29},
 number = {12},
 year = {1999},
 issn = {0038-0644},
 pages = {1049--1060},
 doi = {http://dx.doi.org/10.1002/(SICI)1097-024X(199910)29:12<1049::AID-SPE271>3.3.CO;2-T},
 publisher = {John Wiley \& Sons, Inc.},
 }

@misc{seproxy,
  author="Rob von Behren and ByungHoon Kang",
  url="http://www.cs.berkeley.edu/~hoon/SEProxy/seproxy-OS2.pdf",
  year=1998,
  institution="University of California at Berkeley, Department of Computer Science"
}

@article{wogalter:02,
  title="Research-based guidelines for warning design and evaluation",
  author="Michael S. Wogalter and Vincent C. Conzola and Tonya L. Smith-Jackson",
  journal="Applied Ergonomics",
  volume=33,
  year=2002,
  page="219--230",
  publisher="Elsevier Science Ltd."
}

@book{wogalter:1999b,
  title="Warnings and Risk Communication",
  publisher="Taylor and Francis",
  location="Philadelphia, PA",
  author="M. S. Wogalter and D. M. DeJoy and K. R. Laughery",
  year=1999
}


@article{wogalter:94,
 title="The effect of alternative product-label design on warning compliance",
 author="Michael S. Wogalter and Stephen L. Young",
 year="1994",
 journal="Applied Ergonomics",
 volume="25",
 issue="1",
 pages="53--57",
 publisher="Elsevier Science Ltd."
}

@inproceedings{wogalter:93,
  author="Michael {S.} Wogalter and {R.} {M.} Forbes and {L.} {J.} Van't Slot and {T.} Barlow",
  title="Facilitating communication of label information and warnings by increasing the surface area and print size on small product containers",
  booktitle="Proc Interface 93",
  publisher="Human Factors Society",
  pages="181--186",
  year="1993"
}

@book{sbook,
  author="Simson L. Garfinkel and Orca Starbuck",
  title="SBook 2.0 User's Manual",
  year=1992,
  publisher="Simson Garfinkel and Associates",
  url="http://www.simson.net/ref/1992/SBook20.pdf"
}

@article{cso:scumware,
  author="Sarah D. Scalet",
   month=Nov,
   year=2004,
   title="Scumware Out There",
   journal="CSO",
   url="http://www.csoonline.com/read/110104/sware.html"
   }
   
   @misc{google:toolbar,
   title="Choose Your {Google} Toolbar Configuration",
   url="http://toolbar.google.com/prdlg.html",
   year=2004,
   author="Google",
   note="Cited December 1, 2004"
   }
   
   @misc{precision_time,
   title="Precision Time --- Home",
   year=2004,
   url="http://www.precision-time.com/",
   note="Cited December 1, 2004",
   author="GAIN{ }Publishing"
   }
   
@misc{ad-aware,
  title="Protect Your Privacy",
  year=2004,
  url="http://www.lavasoftusa.com/",
  note="Cited December 1, 2004",
  author="Lavasoft"
  }
  
  @misc{zone-alarm,
  author="Zone{ }Labs",
  title="Internet security products, online safety, software, protection",
  url="http://www.zonelabs.com/",
  year=2004,
  note="Cited December 1, 2004"
  }

@misc{can-spam,
  key = "CAN-SPAM",
  title="{CAN-SPAM} Act of 2003",
  month=Nov,
  year="2003",
  misc="S.877",
  url="http://www.spamlaws.com/federal/108s877.html" 
}

@article{eweek:can-spam,
  title="{CAN-SPAM} Leaves Lid Wide Open",
  author="Caron Carlson",
  journal="eWeek",
  month=May # " 20 ",
  year="2004",
  url="http://www.eweek.com/article2/0,1759,1596134,00.asp"
}


@misc{berman:97,
  title="Personal Communication",
  author="Eric Berman",
  organization="Microsoft",
  year=1997
}

@article{mcwilliams:cduniverse,
 title="Failed Blackmail Attempt Leads to Credit Card Theft",
  month=Jan # " 9 ",
  year=2000,
  author="Brian McWilliams",
  journal="internetnews.com",
  url="http://www.internetnews.com/ec-news/article.php/4_278091"
}


@misc{bauer:personal2004,
   title="Personal Communication",
   author="Steven Bauer",
   year=2004,
   month=Nov,
}

@misc{card:1996,
  title="Announce 0.4",
  year="1996",
  month=Oct # " 7 ",
  author="Remy Card",
  url={http://www.ibiblio.org/pub/historic-linux/ftp-archives/tsx-11.mit.edu/Oct-07-1996/packages/ext2fs/old/announce.0.4}
}

@misc{linux:chattr,
   title="{CHATTR(1)}",
   year=2002,
   author="Remy Card"
}   

@misc{gpl,
  title="{GNU} General Public License",
  url="http://www.gnu.org/copyleft/gpl.html",
  year=2001,
  note="Cited November 16, 2004",
  author="Richard M. Stallman",
  }

@misc{hhs:usability,
 title="Usability: Usability Basics",
 key="US HHS",
 organization="{U.S. Department of Health and Human Services}",
 url="http://www.usability.gov/basics/",
 year=2004
}

@misc{opera:lover,
 title="Delete Private Data: Day 20 of 30 Days to becoming an Opera
    Lover (TnTLuoma.com)",
  note="Cited on November 9, 2004",
  author="Timothy Luoma",
  url="http://tntluoma.com/opera/lover/7/",
  month=Dec,
  year="2003"
}

@misc{drive-savers,
 name="John Christopher"
}

@misc{kirovski02enabling,
  author = "D. Kirovski and M. Drinic and M. Potkonjak",
  title = "Enabling Trusted Software Integrity",
  text = "D. Kirovski, M. Drinic, and M. Potkonjak. Enabling Trusted Software Integrity.
    In Proceedings of ASPLOS, San Jose, CA, 2002, pp. 108-120.",
  year = "2002",
  url = "http://citeseer.ist.psu.edu/kirovski02enabling.html" 
}

@misc{apple:fileVault,
  title="Security: Security Overview: User-Level Security Features",
  author = "Apple~Computer",
  year="2004",
  month=Apr,
}

@misc{apple:n25785,
  title = "Apple Security Update 2004-06-07",
  author = "Apple~Computer",
  url="http://www.info.apple.com/kbnum/n25785",
  year=2004,
  key="Apple"
}

@book{wall:2000,
  title="Programming Perl (3rd Edition)",
  year=2000,
  author = "Larry Wall and Tom Christiansen and Jon Orwant",
  publisher="O'Reilly",
}

@misc{mcfedries:bluejacking,
  title="The Word Spy---bluejacking",
  author="Paul McFedries",
  url="http://www.wordspy.com/words/bluejacking.asp",
  year="2003",
  month=Nov,
  note="Cited on September 19, 2004"
}

@misc{microsoft:w2k:rk:ch7,
  title="{Internet} {Explorer} 5 Resource Kit",
  url="http://www.microsoft.com/windows2000/techinfo/reskit/en-us/ierk/Ch07_c.asp",
  year="2001",
  author="Microsoft"
}

@article{aohel:garfinkel,
  title="Illegal program troubles {America Online}",
  url="http://simson.net/clips/1995/95.Globe.AOHell.pdf",
  author="Simson Garfinkel",
  author_a="Simson L. Garfinkel",
  month=Apr,
  year="1995",
  journal="The Boston Globe"
}


@misc{aohel:doc,
 title="{AOHell} v3.0 Rage Against The Machine",
 author="Da Chronic",
 year=1995
}

@techreport{guidance:xp,
  title="Can Computer Investigations Survive {Windows XP}?",
  author="Kimberly Stone and Richard Keightley",
  year=2003,
  institution="Guidance Software",
  url="http://www.guidancesoftware.com/corporate/whitepapers/downloads/XPwhitepaper.pdf"
}
  

@article{cw:aolsurvey,
 title="{AOL} survey finds rampant online threats, clueless users",
 year=2004,
 month=Oct # " 23 ",
 author="Paul Roberts",
 url="http://www.computerworld.com/securitytopics/security/story/0,10801,96918,00.html",
 journal="Computerworld"
}

@misc{gutman:personal04,
  title="Re: s/mime survey", 
  year=2004,
  month=Aug,
  author="Peter Gutmann",
  note="Personal Communication"
}

@misc{sendmail:starttls,
  key = "Sendmail",
  title="SMTP STARTTLS in sendmail/Secure Switch",
  url="http://www.sendmail.org/~ca/email/starttls.html",
  year=2003,
  month=Nov # " 30 ",
  note="Cited November 3, 2004"
}

@Misc{couhes2,
  author =       "Leigh Firn",
  title =        "Committee Approval, 'Remembrance of Data Passed'
                 trace-back study, Application {E570}",
  year =         "2003",
  date =         "March 20",
}

@misc{atstake:palmadvisory,
   title="{Palm~OS} Password Lockout Bypass",
   month=Mar,
   year=2001,
   author="Kingpin",
   note="CAN-2001-0157",
   publisher="@Stake",
   url="http://www.atstake.com/research/advisories/2001/a030101-1.txt"
}

@inproceedings{grand:pdd,
  title="pdd: Memory imaging and forensic analysis of Palm OS devices",
  author="Joseph Grand", 
  booktitle="Proc. of 14th Annual Computer Security Incident Handling Conference",
  month=Jun # " 24--28 ",
  year=2002,
  url="http://www.atstake.com/research/reports/acrobat/pdd_palm_forensics.pdf",
  publisher="First.Org"
}

@inproceedings{ kingpinsecurity,
    author = "Kingpin and Mudge",
    title = "Security Analysis of the Palm Operating System and its Weaknesses Against Malicious Code Threats",
    pages = "135--152",
    url = "http://citeseer.ist.psu.edu/mudge01security.html" ,
    booktitle="10th USENIX Security Symposium",
    location="Washington, DC",
    year=2001,
    month=Aug,
   publisher="Usenix"
}

@misc{reinke:phonecall,
   author="Tom Reinke",
   publisher="E-Soft / SecuritySpace.com",
   month=Nov # " 9 ",
   year="2004",
   note="Telephone interview with Director of Technology"
}   

@misc{yblee:personal,
  email="yblee@purdue.edu",
  author="Yung-bin Benjamin Lee",
  year=2002,
  month=Aug,
  note="Personal Communication (via Gene Spafford)"
}


@inproceedings{straub:framework,
   author="Tobias Straub and Harald Baier",
   title="A Framework for Evaluating the Usability and the Utility of {PKI}-enabled Applications",
   booktitle="Public Key Infrastructure: First European {PKI} Workshop: Research and Applications, EuroPKI 2004, Samos Island, Greece, June 25-26, 2004. Proceedings",
   year=2004,
   volume=3093,
   url="http://www.informatik.tu-darmstadt.de/ftp/pub/TI/TR/TI-04-05.paper_usability.pdf",
   pages="112--125",
   publisher="Technische Universitat Darmstadt"
}
  
@inproceedings{805885,
 author = {Cynthia Crawford and John Klensin},
 note = {Chairman-Oliver Selfridge},
 title = {Cambridge project (Panel Session): The consistent system},
 booktitle = {ACM '72: Proceedings of the ACM annual conference},
 year = {1972},
 pages = {975},
 location = {Boston, Massachusetts, United States},
 publisher = {ACM Press},
 }

@article{249172,
 author = {Lorraine Borman},
 title = {{SIGCHI}: the early years},
 journal = {SIGCHI Bull.},
 volume = {28},
 number = {1},
 year = {1996},
 issn = {0736-6906},
 pages = {4--6},
 url = "http://doi.acm.org/10.1145/249170.249172",
 publisher = {ACM Press},
 }



@techreport{ spafford88internet,
    author = "Eugene H. Spafford",
    title = "The Internet Worm Program: An Analysis",
    number = "CSD-TR-823",
    institution = "Purdue University",
    address = "West Lafayette, IN 47907-2004",
    year = "1988",
    url = "citeseer.ist.psu.edu/spafford88internet.html" 
}


@article{nyt:spyware,
  author="Timothy L. O'Brien and Saul Hansell",
  title="Barbarians At the Digital Gate",
  journal="New York Times",
  year=2004,
  month=Sep # " 19 "
}

@misc{sharman04,
  title="Kazaa --- The Guide",
  misc="Cited on December 11, 2004",
  year=2004,
  url="http://www.kazaa.com/us/help/new_nospy.htm",
  author="{Sharman Networks}"
}

@misc{emule:56016,
  title="Important Patch for All Xp-sp2 Users!",
  author="Mxxcon",
  month=Aug # " 11 ",
  year=2004,
  url="http://forum.emule-project.net/index.php?showtopic=56016"
}

@misc{whitten:dec6:2004,
  title="Personal Communication",
  author="Alma Whitten",
  year=2004,
  month=Dec # " 6 "
}

@misc{schiller:aug28,
  title="Personal Communication", 
  author="Jeffrey I. Schiller",
  month=Aug # " 28 ",
  year=2004,
  note="Text originally written for inclusion in \cite{garfinkel:chi2005} but omitted due to space constraints."
}

@misc{facilities:32-8,
   title="Building 32 -- 8th Floor, {Ray and Maria Stata Center}, Space Accounting Floorplan, {MIT Department of Facilities}",
   author="{MIT}",
   address="77 Massachusetts Avenue, Cambridge, MA 02139",
   year="2004",
   url="http://floorplans.mit.edu/pdfs/32_8.pdf"
}

@misc{mailcrypt,
  author="Len Budney",
  year="2002",
  month=Sep,
  title="Mailcrypt",
  url="http://mailcrypt.sourceforge.net/"
}

@article{219678,
 author = {Suzanne P. Weisband and Bruce A. Reinig},
 title = {Managing user perceptions of email privacy},
 journal = {Commun. ACM},
 volume = {38},
 number = {12},
 year = {1995},
 issn = {0001-0782},
 pages = {40--47},
 doi = {http://doi.acm.org/10.1145/219663.219678},
 publisher = {ACM Press},
 address = {New York, NY, USA},
 }

@inproceedings{ forrest97building,
    author = "Stephanie Forrest and Anil Somayaji and David. H. Ackley",
    title = "Building Diverse Computer Systems",
    booktitle = "Workshop on Hot Topics in Operating Systems",
    pages = "67-72",
    Year = "1997",
  publisher="Usenix",
    url = "citeseer.ist.psu.edu/forrest97building.html" }

@phdthesis{anil_somayaji,
  author="Anil Somayaji",
  title="Operating System Stability and Security through Process Homeostasis",
  year=2002,
  month=Jul,
  school="University of New Mexico",
  url="http://www.cs.unm.edu/~immsec/publications/soma-diss.pdf"
}

@article{ dagupta02immunitybased,
  author = "Dipankar Dasgupta and Fabio Gonz{\'a}lez",
  title = "An Immunity-Based Technique to Characterize Intrusions in Computer Networks",
  journal = "{IEEE} Trans. Evol. Comput.",
  volume = "6",
  number = "3",
  pages = "1081--1088",
  month = jun,
  year = "2002",
  url = "citeseer.ist.psu.edu/dasgupta02immunitybased.html"
}

@inproceedings{ibm:immune,
  title="Blueprint for a Computer Immune System",
  author="Jeffrey O. Kephart and  Gregory B. Sorkin and  Morton Swimmer and  and Steve R. White",
  year=1997,
  month=Oct # " 1--3",
  booktitle="Proceedings of the 1997 Virus Bulletin International Conference",
  url="http://www.research.ibm.com/antivirus/SciPapers/Kephart/VB97/",
  publisher="Virus Bulletin Ltd."
}


@misc{umn:immune_survey,
  title="Computer Immune Systems---Papers",
  year=2005, 
  url="http://www.cs.unm.edu/~immsec/papers.htm",
  author="Stephanie Forrest"
}

@misc{p3p,
  title="The Platform for Privacy Preferences 1.1 ({P3P1.1}) Specification",
  year=2005,
  month=Jan # " 4",
  url="http://www.w3.org/TR/2005/WD-P3P11-20050104/Overview.html",
  author="Lorrie Cranor and Brooks Dobbs and Serge Egelman and Giles
Hogben and Jack Humphrey and Marc Langheinrich and Massimo Marchiori
and Martin Presler-Marshall and Joseph Reagle and Matthias Schunter
and David A. Stampley and Rigo Wenning" 
}

@misc{nsa:9-12,
  title="NSA/CSS Storage Device Declassification Manual",
  year=2005,
  note="NSA/CSS Policy Manual 9-12 (Draft)",
  author="{National Security Agency} and {Central Security Service}"
}
  

@misc{rivest:key_forgetting,
  title="Personal Communication",
  author="Ronald Rivest",
  year=2004,
  month=Sep
}

@inproceedings{ paolo-security,
  author = "Haralambos Mouratidis and Paolo Giorgini and Markus Schumacher",
  title = "Security Patterns for Agent Systems",
  url = "citeseer.ist.psu.edu/708205.html",
  booktitle="Proceedings of Eighth European Conference on Pattern Languages of Programs",
  location="Irsee- Germany",
  year=2003,
  month=Jun,
  publisher="Springer"
}  


@misc{clark:personal,
  author="David Clark",
  year=2003,
  title="Personal Communication"
}

@inproceedings{clark:92,
  author="David Clark",
  month=Jul # " 13--17",
  year=1992,
  location="MIT, Cambridge, MA",
  title="A Cloudy Crystal Ball---Visions of the Future (Alternative Title: Apocalypse Now)",
  url="http://ietf.org/proceedings/prior29/IETF24.pdf",
  booktitle="Proceedings of the Twenty-Fourth Internet Engineering Task Force",
  publisher="The Internet Society" 
}

@book{hew:73,
   author={US Department of Health, Education and Welfare. Secretary's Advisory Committee on Automated Personal Data Systems},
   author_a = {US HEW},
   title="Records, Computers, and Rights of Citizens; report",
   year="1973",
   publisher="MIT Press",
   location="Cambridge, MA",
   key="HEW"
}



@article{67934,
 author = {Jonathan Grudin},
 title = {The case against user interface consistency},
 journal = {Commun. ACM},
 volume = {32},
 number = {10},
 year = {1989},
 issn = {0001-0782},
 pages = {1164--1173},
 doi = {http://doi.acm.org/10.1145/67933.67934},
 publisher = {ACM Press},
 address = {New York, NY, USA},
 }
