@misc{encasemanual,
  author= "{Guidance Software, Inc.}",
  title = "{EnCase Forensic Edition User Manual, Version 4}",
  url = "http://www.guidancesoftware.com/support/downloads.asp"}
}

@ARTICLE{encaselegal,
  AUTHOR =       "{Guidance Software, Inc.}",
  TITLE =        "{EnCase Legal Journal}",
  YEAR =         {2004},
  month =        {April},
}

@misc{pyflagformat,
  title = "{Advanced Open Standard Forensics Format}",
  url = "http://pyflag.sourceforge.net/Documentation/articles/forensic_format.html"}
}

@misc{pyflagdiskforensics,
  title = "{Disk Forensics}",
  url = "http://pyflag.sourceforge.net/Documentation/tutorials/forensics.html"}
}

@misc{smart,
  author= "{ASR Data Acquisition \& Analysis, LLC}",
  title = "{SMART}",
  url = "http://www.asrdata.com/SMART/"}
}

@misc{retro,
  author= "{Guidance Software}",
  title = "{Expert Witness}",
  url = "http://web.archive.org/web/19980504153628/http:/guidancesoftware.com/"}
}

@misc{dibs,
  author= "{DIBS USA Inc.}",
  title = "{Computer Forensics}",
  url = "http://www.dibsusa.com/"}
}

@misc{raid,
  author= "{DIBS USA Inc.}",
  title = "{DIBS RAID - Rapid Action Imaging Device}",
  url = "http://www.dibsusa.com/products/raid.html"}
}

@misc{vogon,
  author= "{Vogon International}",
  url = "http://www.vogon-forensic-hardware.com/"}
}

@misc{vogonimaging,
  author= "{Vogon International}",
  title = "{Imaging Software - Further Information}",
  url = "http://www.vogon-forensic-hardware.com/forensic-hardware/data-capture/advanced-imaging-software.htm"}
}
@misc{IXimager,
  author= "{Internal Revenue Service, Criminal Investigation Division, Electronic Crimes Program}",
  title = "{IXimager}",
  url = "http://www.ilook-forensics.org/IXimagerAbout.html"}
}

@misc{ILookv8,
  author= "{Internal Revenue Service, Criminal Investigation Division, Electronic Crimes Program}",
  title = "{About ILookv8}",
  url = "http://www.ilook-forensics.org/v8about.html"}
}



@misc{encasemanual,
  author= "{Guidance Software, Inc.}",
  title = "{EnCase Forensic Edition User Manual, Version 4}",
  url = "http://www.guidancesoftware.com/support/downloads.asp"}
}

@ARTICLE{encaselegal,
  AUTHOR =       "{Guidance Software, Inc.}",
  TITLE =        "{EnCase Legal Journal}",
  YEAR =         {2004},
  month =        {April},
}

@misc{ew,
  author= "{ASR Data Acquisition \& Analysis, LLC}",
  title = "{Expert Witness Compression Format Specification}",
  url = "http://www.asrdata.com/SMART/whitepaper.html"}
}

@misc{pyflagformat,
  title = "{Advanced Open Standard Forensics Format}",
  url = "http://pyflag.sourceforge.net/Documentation/articles/forensic_format.html"}
}

@misc{pyflagiosources,
  author = "{PyFlag}",
  title = "{PyFlag IO Sources}",
  url = "http://pyflag.sourceforge.net/Documentation/manual/iosource.html"}
}

@misc{prodiscover,
  author= "Technology Pathways",
  title = "{The ProDiscover Family of Computer Security Tools}",
  url = "http://www.techpathways.com/DesktopDefault.aspx?tabindex=3&tabid=12"}
}

@misc{prodiscoverformat,
  author= "Technology Pathways",
  title = "{ProDiscover Image File Format (v. 1.3)}",
  url = "http://www.techpathways.com/uploads/ProDiscoverImageFileFormatv4.pdf"}
}



@misc{safebacksafeguards,
  author= "{New Technologies, Inc.}",
  title = "{Safeback Bit Stream Backup Software}",
  url = "http://www.forensics-intl.com/safeback.html"}
}

@misc{smart,
  author= "{ASR Data Acquisition \& Analysis, LLC}",
  title = "{SMART}",
  url = "http://www.asrdata.com/SMART/"}
}

@misc{retro,
  author= "{Guidance Software}",
  title = "{Expert Witness}",
  url = "http://web.archive.org/web/19980504153628/http:/guidancesoftware.com/"}
}

@misc{dibs,
  author= "{DIBS USA Inc.}",
  title = "{Computer Forensics}",
  url = "http://www.dibsusa.com/"}
}

@misc{raid,
  author= "{DIBS USA Inc.}",
  title = "{DIBS RAID - Rapid Action Imaging Device}",
  url = "http://www.dibsusa.com/products/raid.html"}
}

@misc{vogon,
  author= "{Vogon International}",
  url = "http://www.vogon-forensic-hardware.com/"}
}

@misc{vogonimaging,
  author= "{Vogon International}",
  title = "{Imaging Software - Further Information}",
   url = "{http://www.vogon-forensic-hardware.com/forensic-hardware/data-capture/advanced-imaging-software.htm}"
}

